1909 3322
208 214 287 255 162
855 212 1064 243 VITRUVII

208 324 391 366 Virtutis
414 321 635 362 Marianae
658 316 790 358 cellae
812 314 1188 368 columnarumque
1210 316 1252 351 et
1282 308 1580 366 epistyliorum
1612 321 1725 362 sym-

206 392 380 433 metrias
403 387 609 443 legitimis
631 385 736 426 artis
768 382 978 424 institutis
1011 379 1206 436 perfecit.
1267 376 1312 417 id
1343 390 1445 417 vero
1478 376 1515 416 si
1544 388 1725 414 marmo-

207 474 327 500 reum
347 458 524 509 fuisset,
556 459 603 495 ut
633 452 812 494 haberet
844 447 1205 506 quemadmodum
1235 444 1289 486 ab
1321 449 1413 485 arte
1446 441 1728 484 subtilitatem

209 528 270 567 sic
306 525 361 566 ab
402 521 723 578 magnificentia
760 524 801 560 et
838 517 1030 574 inpensis
1070 513 1392 564 auctoritatem,
1431 511 1476 551 in
1506 509 1662 565 primis
1689 513 1730 549 et

165 603 185 634 5
211 594 387 636 suminis
420 590 621 647 operibus
653 588 961 629 nominaretur.

326 661 437 702 Cum
474 672 576 712 ergo
631 662 672 697 et
723 653 889 709 antiqui
943 647 1080 692 nostri
1124 647 1402 689 inveniantur
1451 659 1537 686 non
1588 644 1730 684 minus
1758 649 1799 681 18

212 744 338 786 quain
362 727 520 769 Graeci
542 724 676 765 fuisse
705 721 852 776 magni
882 717 1109 760 architecti
1141 721 1182 756 et
1212 720 1360 771 nostra
1389 712 1596 754 memoria
1627 711 1731 752 satis

211 795 359 849 multi,
393 799 434 835 et
465 808 520 834 ex
550 791 616 832 his
648 790 775 846 pauci
806 792 1037 844 praecepta
1098 782 1349 833 edidissent,
1380 795 1467 821 non
1496 778 1648 835 putavi
1680 778 1733 819 si—

213 863 386 905 lendum
419 860 495 902 sed
527 858 736 915 disposite
767 853 949 909 singulis
982 850 1275 893 voluminibus
1307 848 1360 889 de
1392 845 1574 902 singulis
1606 860 1735 900 expo-

148 941 188 971 10
215 930 416 972 nendum.
477 929 623 982 itaque
654 924 854 980 quoniam
888 927 1010 963 sexto
1041 918 1260 960 volumine
1290 916 1557 973 privatorum
1588 912 1735 954 aedifi-

215 1000 378 1040 ciorum
415 997 602 1036 rationes
641 990 896 1048 perscripsi,
940 989 986 1029 in
1022 987 1102 1028 1100
1141 985 1214 1041 qui
1253 984 1482 1039 septimum
1513 985 1631 1022 tenet
1659 994 1735 1020 nu-

215 1080 378 1107 merum
410 1064 462 1104 de
494 1058 832 1117 expolitionibus
865 1055 1020 1113 quibus
1051 1051 1291 1094 rationibus
1324 1058 1365 1091 et
1395 1053 1665 1090 venustatem
1697 1052 1738 1087 et

217 1133 465 1175 firmitatem
496 1128 655 1169 habere
686 1126 853 1182 possint
885 1136 1111 1178 exponam.

179 1209 196 1239 I
334 1200 610 1251 Primumque
632 1194 835 1250 incipiam
857 1191 910 1231 de
930 1188 1218 1241 ruderatione,
1251 1201 1359 1243 quae
1380 1184 1594 1242 principia
1624 1187 1741 1224 tenet
1765 1190 1782 1221 1

153 1276 193 1306 15
220 1266 554 1324 expolitionum‚
593 1263 657 1303 uti
695 1260 904 1301 curiosius
938 1270 1188 1311 summaque
1218 1253 1492 1311 providentia
1522 1250 1739 1293 solidatio-

220 1337 287 1376 nis
311 1334 418 1375 ratio
441 1331 664 1372 habeatur.
726 1334 767 1368 et
790 1329 826 1369 si
848 1325 973 1382 plano
994 1324 1106 1381 pede
1137 1324 1218 1364 erit
1252 1319 1581 1372 eruderandum,
1614 1332 1740 1374 quae-

219 1408 338 1443 ratur
376 1399 513 1441 solum
552 1398 587 1438 si
618 1397 673 1437 sit
694 1403 697 1405 ’
717 1400 923 1451 perpetuo
968 1391 1175 1444 solidum,
1217 1397 1258 1431 et
1287 1391 1348 1430 ita
1379 1391 1661 1442 exaequetur,
1701 1390 1742 1425 et

222 1469 450 1510 inducatur
492 1480 587 1506 cum
627 1462 858 1505 statumine
895 1460 1041 1501 rudus.
1116 1459 1180 1500 sin
1219 1464 1362 1498 autem
1401 1455 1538 1497 omnis
1575 1459 1649 1494 aut
1688 1450 1743 1493 ex

223 1542 344 1593 parte
383 1532 669 1588 congesticius
708 1529 826 1570 locus
867 1528 1017 1579 fuerit,
1059 1523 1416 1567 festucationibus
1455 1536 1550 1563 cum
1587 1534 1741 1575 magna

156 1614 199 1643 20
225 1618 326 1644 eura
369 1601 590 1643 solidetur.
649 1599 695 1639 in
726 1594 1121 1650 contignationibus
1161 1607 1263 1635 vero
1295 1591 1526 1645 diligenter
1558 1594 1622 1629 est
1652 1588 1741 1628 ani-

223 1667 585 1711 madvertendum
614 1679 668 1706 ne
691 1665 764 1720 qui
793 1663 932 1719 parics
966 1661 1039 1717 qui
1068 1675 1154 1702 non
1185 1665 1310 1700 exeat
1340 1657 1396 1698 ad
1427 1671 1653 1709 summum,
1688 1655 1742 1695 sit

227 1744 448 1778 extructus
489 1734 568 1776 sub
614 1732 932 1788 pavimentum,
974 1728 1050 1769 sed
1088 1728 1231 1783 potius
1270 1725 1488 1766 relaxatus
1531 1737 1660 1779 supra
1699 1735 1743 1763 se

226 1805 487 1861 pendentem
538 1800 695 1842 habeat
740 1798 1054 1839 coaxationem.
1132 1809 1228 1835 cum
1275 1794 1388 1833 enim
1433 1791 1595 1833 solidus
1641 1789 1744 1842 exit,

228 1868 622 1926 contignationibus
643 1865 936 1907 arescentibus
967 1870 1041 1905 aut
1071 1862 1332 1919 pandatione
1363 1858 1621 1911 sidentibus,
1652 1871 1746 1913 per-

160 1950 203 1979 25
228 1954 403 1980 manens
435 1942 675 1979 structurae
711 1933 929 1974 soliditate
968 1931 1123 1972 dextra
1152 1944 1202 1970 ac
1233 1929 1408 1970 sinistra
1438 1925 1673 1967 secundum
1704 1939 1748 1965 se

232 2007 336 2046 facit
375 2007 417 2046 in
449 2002 710 2060 pavimentis
741 2000 982 2042 necessario
1014 1999 1158 2038 rimas.
1218 1998 1321 2037 item
1353 1994 1495 2035 danda
1526 1999 1590 2035 est
1620 2006 1748 2048 opera
1772 2000 1792 2030 ‘2

325 2236 340 2264 1
368 2231 556 2263 Marianae
580 2230 634 2261 etl.
670 2227 728 2269 (ef.
753 2227 888 2259 Bel-lter
912 2225 1004 2257 Ram.
1031 2225 1102 2258 Alt.
1129 2224 1164 2261 Ι,
1198 2222 1295 2264 406)τ
1328 2221 1545 2253 mariniiane
1574 2221 1616 2258 G,
1642 2219 1748 2251 mari-

235 2289 368 2320 nianae
396 2288 430 2318 H
457 2285 561 2328 (—nc3
586 2286 627 2321 L,
653 2283 852 2324 maliniane
879 2283 934 2319 elz,
967 2281 1124 2322 maliem}
1150 2284 1228 2311 ante
1254 2290 1342 2311 corr.
1367 2281 1394 2315 I,
1421 2277 1615 2319 maliniene
1648 2276 1701 2317 lc).
1731 2273 1745 2317 ll

235 2347 254 2376 2
280 2344 466 2386 legitimas
493 2347 570 2373 ante
595 2351 683 2372 corr.
709 2341 755 2372 ll.
779 2337 793 2380 Η
817 2341 834 2370 7
861 2341 985 2370 nostra
1011 2337 1185 2368 memoria
1205 2337 1240 2367 Il
1259 2334 1367 2377 (Llc):
1394 2334 1458 2376 nfcg
1484 2333 1653 2374 memorie
1670 2332 1707 2364 G.
1731 2328 1747 2372 Η

235 2403 255 2431 8
281 2400 457 2432 silendum
479 2398 578 2430 (Jcllc
597 2396 705 2437 (Lle):
733 2395 918 2435 sidilendu‘u
947 2398 1024 2425 {mle
1049 2404 1118 2426 νας.
1141 2393 1177 2428 G,
1204 2391 1392 2423 sidendum
1419 2394 1496 2421 ante
1520 2399 1590 2420 ras.
1616 2388 1663 2420 H.
1687 2385 1700 2429 ΙΙ
1729 2389 1749 2418 9

235 2456 483 2498 exponendum
507 2455 598 2485 doaz
627 2461 887 2493 exponeremus
916 2450 991 2481 GH.
1015 2446 1031 2491 U
1060 2450 1100 2480 10
1126 2450 1227 2480 sexto
1255 2447 1400 2478 GCLCCC:
1432 2447 1531 2486 recto
1557 2448 1634 2475 ante
1658 2453 1748 2475 corr.

240 2514 276 2549 G,
305 2515 403 2543 secto
436 2515 514 2542 ante
544 2520 633 2541 corr.
666 2508 702 2538 H
734 2505 761 2547 (l
791 2512 822 2538 el
853 2511 930 2537 (mle
961 2516 1050 2537 corr.
1076 2503 1152 2545 Le).
1183 2501 1198 2545 Η
1232 2504 1268 2534 11
1301 2511 1504 2533 numerum:
1545 2500 1648 2531 murs]
1673 2504 1750 2530 anle

238 2580 327 2601 corr.
357 2568 395 2599 G.
429 2565 443 2609 Η
477 2568 517 2597 12
545 2562 852 2606 expoliationibus
884 2566 960 2594 {mle
991 2572 1082 2593 corr.
1111 2560 1147 2591 G.
1182 2557 1195 2601 ΙΙ
1228 2560 1457 2589 venustatem
1483 2557 1520 2587 H
1551 2554 1660 2597 (Ηώς
1693 2565 1752 2587 ve-

240 2626 375 2656 tustatC¹
400 2628 478 2654 {mle
502 2632 593 2654 corr.
621 2621 659 2653 G.
683 2617 698 2660 ll
728 2620 768 2650 15
794 2616 1010 2659 expolhonu
1036 2620 1114 2648 ante
1139 2626 1230 2646 corr.
1251 2615 1288 2647 G.
1321 2611 1337 2656 [l
1369 2614 1410 2644 16
1436 2610 1655 2654 quaelratur
1678 2620 1750 2641 non

241 2680 353 2711 solum
379 2684 456 2710 ante
481 2689 549 2710 ras.
577 2677 625 2709 ll.
647 2673 663 2718 ll
685 2676 725 2706 18
751 2677 883 2705 statum
902 2673 1073 2705 inerudus
1093 2671 1157 2703 GH
1182 2670 1237 2711 (L,
1257 2669 1451 2701 statumine
1477 2668 1576 2699 rudis
1594 2669 1613 2704 I,
1639 2670 1751 2698 statu-

240 2737 336 2766 mine
363 2734 501 2765 ruderis
526 2738 603 2765 ante
629 2742 717 2764 corr.
743 2741 770 2766 e,
797 2730 934 2760 rudinis
952 2729 1034 2771 eelz).
1066 2725 1082 2770 Π
1116 2729 1154 2759 19
1181 2726 1424 2767 congesticius
1453 2725 1494 2755 G:
1523 2722 1750 2754 coniestitius

246 2792 280 2821 ΙΙ
306 2790 546 2831 (cornestitius
577 2789 616 2825 L,
645 2786 878 2819 coniectitius
903 2788 932 2817 Ie
952 2784 1023 2827 [11])
1052 2782 1066 2827 Ι]
1097 2781 1388 2815 fistucationibus
1415 2780 1491 2812 GH.
1521 2776 1536 2820 {l
1568 2779 1607 2810 21
1640 2779 1751 2818 nequi

243 2848 361 2887 paries
389 2847 464 2888 qui:
491 2847 539 2876 sie
567 2845 642 2876 GJI.
672 2841 686 2886 Η
717 2843 760 2873 24
784 2841 986 2873 sidentibus
1012 2841 1103 2874 doc-,z
1135 2837 1345 2871 sedentibus
1379 2836 1454 2868 GH.
1486 2832 1500 2877 ΙΙ
1532 2843 1750 2877 permanens

241 2905 445 2933 structurae
472 2901 675 2932 soliditate:
701 2899 749 2930 sie
776 2897 851 2930 Gll.
