1909 3322
228 224 306 265 138
874 229 1081 259 vrrnuvn

226 337 311 377 tius
350 334 466 375 orbis
504 339 714 374 terrarum
752 332 1037 386 regionesque
1074 329 1216 370 medio
1255 327 1404 369 mundi
1441 328 1622 384 populus
1653 328 1737 369 Ro-

226 416 374 443 manus
406 400 599 456 possidet
629 400 749 440 fines.
799 412 982 454 namque
1012 397 1398 453 temperatissimae
1428 395 1484 435 ad
1513 401 1739 450 utramque

225 476 390 526 partem
428 474 469 508 et
513 482 739 523 corporum
782 466 986 507 membris
1030 466 1356 518 animorumque
1399 462 1624 517 vigoribus
1662 477 1739 518 pro

225 535 479 577 fortitudine
510 542 608 576 sunt
638 535 683 575 in
712 534 840 575 Italia
870 539 1035 588 gentes.
1096 528 1465 587 quemadmodum·
1487 530 1600 569 enim
1621 529 1739 570 Iovis

225 603 350 645 stella
386 604 499 644 inter
527 603 681 644 Martis
718 600 1084 642 ferventissimam
1122 605 1163 639 et
1202 597 1377 639 Saturni
1412 596 1740 651 frigidissimam

225 671 369 712 media
399 684 572 711 currens
604 675 881 725 temperatur,
915 667 1063 707 eadem
1085 666 1249 707 ratione
1270 663 1399 705 Italia
1428 664 1542 704 inter
1571 669 1738 719 septen-

226 738 451 780 trionalem
482 737 851 792 meridianamque
881 735 936 775 ab
967 739 1147 789 utraque
1178 738 1299 788 parte
1328 730 1611 772 mixtionibus
1634 736 1740 771 tem-

226 812 396 862 peratas
438 811 479 846 et
517 806 702 845 invictas
743 803 872 844 habet
909 801 1071 842 laudes.
1131 801 1276 854 itaque
1313 797 1503 839 consiliis
1541 798 1741 852 refringit

226 873 507 914 barbarorum
536 872 742 924 virtutes,
782 870 885 911 forti
923 884 1051 909 manu
1080 866 1415 908 meridianorum
1445 866 1739 920 cogitationes.

163 953 201 982 lo
226 942 286 982 ita
317 941 467 981 divina
496 954 615 980 mens
647 939 869 979 civitatem
898 935 1046 992 populi
1067 934 1251 975 Romani
1281 933 1455 988 egregia
1484 938 1740 988 temperata-

228 1023 309 1065 que
338 1008 514 1062 regione
546 1005 802 1057 conlocavit‚
834 1005 897 1044 uti
929 1002 1044 1044 orbis
1076 1009 1287 1043 terrarum
1316 999 1487 1056 imperii
1518 1001 1741 1055 potiretur.

228 1075 382 1132 quodsi
412 1076 473 1116 ita
504 1080 568 1115 est
597 1074 660 1114 uti
692 1071 925 1113 dissimiles
956 1070 1154 1124 regiones
1185 1068 1239 1109 ab
1262 1067 1612 1108 inclinationibus
1635 1066 1742 1107 caeli

228 1144 361 1183 variis
393 1141 625 1197 generibus
659 1141 745 1181 sint
776 1144 1066 1194 comparatae,
1105 1143 1152 1177 ut
1184 1137 1311 1177 ctiam
1342 1140 1520 1175 naturae
1549 1135 1743 1189 gentium

229 1209 475 1266 disparibus
522 1209 677 1249 animis
724 1213 765 1247 et
809 1220 1035 1262 corporum
1079 1204 1229 1259 figuris
1269 1201 1633 1258 qualitatibusque
1670 1216 1743 1241 na-

164 1290 203 1320 15
229 1283 468 1329 soei-entur,
514 1291 599 1316 non
637 1274 884 1315 dubitemus
927 1272 1220 1314 aedificiorum
1259 1284 1426 1326 quoque
1462 1270 1650 1310 rationes
1688 1268 1743 1308 ad

228 1345 423 1386 nationes
478 1344 757 1398 gentiumque
814 1341 1097 1396 proprietates
1156 1344 1255 1394 apte
1308 1336 1590 1390 distribuere,
1649 1350 1744 1376 cum

229 1412 461 1452 habeamus
507 1410 561 1451 ab
606 1411 701 1466 ipsa
745 1423 887 1449 rerum
939 1413 1093 1448 natura
1145 1405 1362 1447 sollertem
1408 1409 1450 1444 et
1495 1403 1741 1459 expeditam

231 1479 594 1520 monstrationem.

345 1546 499 1599 Quoad
530 1545 650 1600 potui
681 1557 845 1585 summa
875 1543 1040 1583 ratione
1071 1541 1354 1596 proprietates
1386 1539 1576 1580 locorum
1596 1538 1650 1579 ab
1671 1553 1743 1578 na-

165 1627 206 1656 ‘20
231 1621 327 1655 tura
356 1628 498 1654 rerum
537 1612 768 1668 dispositas
806 1609 1150 1651 animadvertere
1188 1608 1369 1663 exposui
1400 1613 1441 1648 et
1472 1605 1744 1661 quemadmo—

232 1682 334 1722 dum
364 1681 420 1721 ad
450 1679 552 1721 solis
584 1693 756 1719 cursum
788 1684 830 1719 et
859 1676 1158 1718 inclinationes
1190 1674 1297 1715 caeli
1335 1680 1529 1730 oporteat
1558 1673 1612 1714 ad
1643 1687 1744 1726 gen-

231 1750 339 1790 tium
369 1749 527 1803 figuras
560 1746 821 1787 constituere
851 1744 1147 1785 aedificiorum
1178 1742 1405 1797 qualitates
1437 1740 1545 1781 dixi.
1602 1741 1746 1794 itaque

232 1831 345 1856 nunc
372 1815 638 1869 singulorum
665 1827 871 1868 generum
894 1813 938 1852 in
959 1811 1167 1852 aedificiis
1190 1824 1455 1850 commensus
1478 1807 1745 1864 symmetria-

234 1877 327 1923 rum
359 1889 400 1923 et
430 1883 656 1922 universos
690 1887 731 1921 et
762 1886 981 1935 separatos
1013 1879 1205 1919 breviter
1236 1876 1476 1932 explicabo.

179 1961 214 1991 11
352 1949 481 1991 Nulla
511 1948 747 1989 architecto
778 1948 913 1987 maior
944 1960 1045 1986 cura
1076 1959 1168 1986 esse
1205 1944 1333 1984 debet
1362 1944 1447 1984 nisi
1478 1943 1540 1983 uti
1571 1956 1745 1998 propor—

169 2030 210 2059 ‘26
236 2016 425 2057 tionibus
457 2022 575 2057 ratae
605 2016 741 2070 partis
781 2013 968 2054 habeant
1003 2011 1200 2052 aedificia
1236 2011 1447 2051 rationum
1485 2009 1746 2050 exactiones.

237 2098 332 2124 cum
364 2098 465 2137 crgo
497 2083 730 2123 constituta
760 2080 1105 2136 symmetriarum
1133 2078 1242 2118 ratio
1264 2077 1397 2118 fuerit
1419 2082 1460 2117 et
1481 2090 1746 2117 commensus

180 616 199 645 271

329 2299 345 2328 1
372 2298 611 2339 regionesque
637 2307 714 2338 ego:
745 2295 977 2337 regionisque
1004 2293 1116 2326 EGH.
1148 2290 1162 2334 Η
1196 2294 1215 2323 6
1240 2292 1363 2324 italia:
1396 2292 1450 2322 ita
1477 2290 1551 2322 alia
1575 2294 1653 2321 mlle
1678 2300 1747 2321 ras.

243 2355 277 2385 II
301 2354 430 2394 (solus).
458 2351 472 2396 Η
505 2355 523 2385 7
548 2356 702 2393 utraque
728 2351 806 2382 EG:
833 2354 987 2392 utroque
1014 2349 1053 2379 H
1070 2348 1174 2388 (Llc).
1207 2347 1221 2389 Η
1253 2350 1273 2379 8
1298 2347 1461 2379 consiliis
1486 2346 1674 2387 refringit:
1699 2346 1748 2376 sie

242 2410 342 2441 EGH
380 2410 456 2450 (sed
487 2409 531 2441 Gc
561 2409 681 2441 delevit
712 2408 802 2449 quod
830 2418 908 2439 7leae
944 2406 1120 2447 repetitum
1149 2405 1231 2435 vidit
1265 2403 1397 2435 ver-hum
1427 2402 1606 2438 consiliis,
1643 2402 1747 2433 inter—

240 2468 418 2507 punctione
441 2467 536 2497 sz'mul
555 2469 635 2506 post
652 2473 762 2495 manu
785 2461 931 2503 addita).
954 2460 968 2504 Η
991 2463 1009 2493 9
1036 2470 1143 2492 manu
1159 2460 1250 2491 dom:
1277 2468 1385 2490 manu
1412 2458 1575 2489 consiliis
1602 2457 1710 2488 EGH.
1730 2455 1744 2499 Η

244 2525 283 2554 10
308 2521 433 2564 populi
451 2521 590 2553 romani
613 2520 666 2550 Il:
692 2519 831 2551 romani
849 2517 973 2560 populi
990 2517 1063 2548 EG.
1085 2514 1100 2558 Η
1126 2516 1275 2557 egregia
1300 2516 1573 2556 temperataque
1599 2515 1747 2555 regione

241 2579 330 2609 .J0c·.:
359 2578 505 2619 egregia
530 2576 648 2617 (-—am
675 2575 720 2615 E>
746 2578 1057 2616 temperatamque
1090 2571 1256 2612 (—t5que
1282 2570 1327 2611 E)
1361 2570 1507 2611 regione
1533 2568 1673 2609 (—-nem
1700 2568 1746 2609 E)

245 2634 321 2673 EG,
355 2633 539 2675 egregiam
563 2634 869 2673 temperatamque
900 2631 1083 2671 regionem
1116 2627 1150 2657 H
1181 2625 1230 2667 (e,
1258 2637 1360 2657 —aln
1384 2623 1519 2666 -—'5.que
1546 2627 1606 2656 -ἒ
1631 2624 1700 2663 LI).
1731 2621 1744 2652 ἶ

246 2691 283 2720 11
309 2690 453 2731 imperii
477 2690 516 2720 II
538 2688 647 2729 (Ll0):
674 2687 825 2728 imperio
854 2686 914 2718 GE
941 2683 1105 2727 (imlperi
1129 2683 1349 2724 oportirctur
1373 2686 1449 2713 aute
1474 2690 1563 2712 corr.
1591 2680 1643 2719 G).
1668 2677 1682 2721 Η
1708 2681 1747 2710 13

245 2744 535 2787 con(m)paratae
560 2747 614 2775 ut:
640 2745 688 2775 sic
713 2743 829 2774 EGH.
860 2739 874 2783 Η
908 2743 947 2773 15
972 2740 1176 2772 dubitemur
1200 2743 1277 2769 ante
1301 2748 1391 2769 corr.
1419 2738 1446 2768 G
1471 2734 1550 2775 (non
1577 2735 1634 2775 E).
1664 2732 1678 2775 Η
1708 2736 1747 2766 16

247 2802 412 2833 nationes
437 2812 513 2842 eyo:
541 2800 686 2832 natione
710 2797 747 2829 H
773 2796 839 2838 (LI,
856 2808 979 2828 ——ncm
998 2796 1042 2836 c),
1068 2794 1253 2827 nationum
1279 2791 1385 2833 (—-ns1
1404 2790 1451 2833 E)
1480 2791 1551 2824 EG.
1574 2788 1589 2832 Η
1612 2791 1652 2821 19
1679 2800 1748 2830 quo

248 2857 395 2898 adoptui
421 2862 498 2889 ante
523 2867 611 2889 corr.
641 2856 668 2887 G
693 2855 771 2894 (non
798 2852 856 2893 E).
887 2851 901 2894 Η
927 2854 969 2883 20
996 2855 1031 2883 et
1056 2845 1275 2890 (antequem
1301 2845 1503 2886 admodum)
1529 2847 1566 2877 II
1588 2844 1748 2885 (6⁶Lle):

247 2923 306 2946 0711.
333 2913 407 2944 EG.
441 2911 455 2954 Η
487 2915 529 2944 24
556 2908 760 2953 explicabo]
787 2910 838 2940 ieie
863 2910 985 2940 desinit
1009 2907 1050 2941 E.
1082 2905 1109 2948 Η
1127 2907 1169 2937 25
1194 2904 1304 2937 Nulla
1330 2904 1366 2934 Il
1391 2902 1499 2943 (Llc):
1526 2901 1631 2934 Nullo
1659 2902 1696 2932 G.

1767 402 1803 432 11

1770 1076 1809 1106 12
