1909 3322
142 927 179 956 10

139 1264 178 1294 15

208 204 262 244 (38
859 204 1065 240 VITRUVI'I

209 315 309 356 dum
341 314 511 355 cubitus
544 318 607 354 est
639 327 718 353 sex
747 311 1007 368 palmorum,
1047 313 1092 353 in
1123 312 1328 353 drachma
1359 327 1442 368 qua
1471 326 1600 353 numo
1631 317 1722 354 ute—

209 390 356 423 rentur
390 395 538 421 aereos
577 381 768 434 signatos
798 381 862 421 uti
893 394 1011 421 asses
1044 394 1099 420 ex
1128 395 1264 436 aequo
1295 395 1371 420 sex
1380 412 1391 432 ,
1432 394 1536 435 quos
1575 379 1722 422 obolos

207 448 442 504 appellant,
476 447 822 503 quadrantesque
853 445 1095 500 obolorum,
1137 462 1244 503 quae
1281 447 1356 487 alii
1394 446 1589 487 dichalca
1618 463 1721 488 non—

206 515 313 556 nulli
334 514 541 555 trichalca
562 514 726 568 dicunt,
759 529 835 570 pro
858 513 1008 568 digitis
1031 515 1191 568 viginti
1214 521 1415 569 quattuor
1444 514 1490 554 in
1521 513 1724 554 drachma

206 583 494 624 constituisse.
535 584 671 623 nostri
692 590 833 623 autem
856 582 993 638 primo
1022 581 1219 622 fecerunt
1246 582 1470 636 antiquum
1499 596 1723 622 numerum
1750 592 1768 620 s

206 658 247 691 et
283 651 327 691 in
359 649 533 691 denario
565 650 698 691 denos
736 650 846 690 aeris
886 650 1222 702 constituerunt,
1265 655 1306 689 et
1345 663 1393 689 ea
1429 663 1476 689 re
1514 649 1723 704 composi-

204 719 265 759 tio
286 718 474 758 nominis
505 717 560 757 ad
592 717 847 758 hodiernum
879 716 994 756 diem
1025 715 1249 757 denarium
1279 716 1449 757 retinet.
1510 716 1723 771 etiamque

205 792 358 840 quarta
403 799 501 840 pars
548 783 661 839 quod
702 783 971 824 efficiebatur
1009 798 1062 824 ex
1101 783 1269 824 duobus
1306 783 1478 825 assibus
1517 790 1558 824 et
1595 784 1722 824 tertio

205 853 395 904 semisse,
429 853 674 892 sestertium
705 851 1019 897 vpcitaverunt.
1077 855 1227 906 postea
1256 857 1399 891 autem
1430 866 1557 907 quam
1586 851 1721 891 anim-

203 919 487 960 adverterunt
516 926 720 974 utrosque
750 933 949 959 numeros
991 933 1085 959 esse
1123 918 1337 974 perfectos
1377 925 1419 959 et
1456 932 1534 959 sex
1571 925 1611 958 et
1649 919 1721 958 de-

204 1002 309 1040 cem,
340 993 543 1041 utrosque
563 987 608 1026 in
628 1001 760 1026 unum
792 986 1036 1027 coiecerunt
1066 992 1107 1026 et
1137 986 1331 1027 fecerunt
1361 985 1723 1041 perfectissimum

204 1055 397 1095 decussis
419 1054 550 1094 sexis.
610 1053 736 1093 huius
758 1060 900 1094 autem
922 1054 985 1093 rei
1016 1060 1233 1094 auctorem
1265 1055 1522 1094 invenerunt
1552 1053 1719 1109 pedem.

205 1137 226 1162 e
257 1121 400 1162 cubito
433 1121 545 1160 enim
577 1134 672 1160 cum
711 1120 876 1176 dempti
914 1127 1013 1162 sunt
1043 1120 1175 1176 palmi
1207 1120 1312 1174 duo7
1357 1119 1616 1176 relinquitur
1646 1135 1720 1176 pes

204 1195 404 1244 quattuor
446 1187 685 1243 palmorum
695 1220 706 1240 7
752 1187 918 1243 palmus
955 1195 1099 1229 autem
1139 1188 1269 1229 habet
1307 1194 1508 1244 quattuor
1546 1187 1721 1243 digitos.

204 1258 263 1298 ita
302 1255 488 1296 efficitur
520 1256 583 1296 uti
612 1254 768 1296 habeat
800 1271 875 1310 pes
907 1254 1094 1296 sedecim
1125 1255 1285 1310 digitos
1318 1262 1359 1296 et
1388 1255 1569 1296 totidem
1601 1270 1720 1297 asses

202 1325 388 1364 aeratius
419 1323 634 1363 denarius.

315 1391 431 1445 Ergo
472 1391 507 1430 si
549 1391 750 1431 convenit
789 1405 844 1430 ex
874 1389 1067 1431 articulis
1098 1390 1283 1432 hominis
1316 1405 1540 1432 numerum
1570 1392 1720 1432 inven-
1746 1402 1765 1432 9

202 1466 293 1498 tum
339 1472 432 1498 esse
478 1464 518 1497 et
564 1472 617 1497 ex
662 1457 864 1498 membris
905 1458 1113 1513 separatis
1154 1459 1208 1498 ad
1246 1459 1493 1499 universam
1531 1459 1719 1514 corporis

203 1526 390 1581 speciem
420 1531 538 1565 ratae
568 1526 703 1579 partis
735 1539 1002 1566 commensus
1034 1524 1128 1566 fieri
1157 1540 1432 1580 responsum,
1463 1526 1722 1582 relinquitur

202 1600 249 1633 ut
294 1592 578 1647 suscipiamus
626 1606 696 1632 eos
743 1593 815 1648 qui
861 1593 989 1633 etiam
1036 1592 1165 1633 aedes
1213 1591 1390 1633 deorum
1429 1593 1719 1635 imnortalium

204 1660 510 1700 constituentes
542 1659 601 1699 ita
632 1659 824 1699 membra
855 1674 1031 1714 operum
1063 1659 1373 1700 ordinaverunt
1402 1667 1449 1701 ut
1480 1662 1718 1716 proportio-

202 1727 330 1767 nibus
371 1733 412 1766 et
445 1727 706 1782 symmetriis
745 1734 966 1782 separatae
996 1732 1125 1782 atque
1155 1727 1384 1767 universae
1415 1729 1720 1769 convenientes

203 1794 474 1834 efficerentur
506 1808 651 1834 eorum
682 1793 1026 1835 distributiones.

314 1860 501 1901 Aedium
539 1868 683 1901 autem
720 1862 931 1917 principia
976 1868 1074 1902 sunt
1112 1876 1134 1902 e
1172 1861 1327 1917 quibus
1366 1869 1532 1904 constat
1561 1862 1716 1918 figura-
1744 1873 1808 1913 (ΙΙ)

161 1937 173 1944 ’
202 1943 296 1968 rum
336 1935 549 1983 aspectus.
618 1935 659 1968 et
695 1929 879 1983 primum
918 1929 962 1967 in
999 1929 1111 1968 antis
1123 1961 1134 1981 7
1181 1929 1293 1983 quod
1337 1943 1489 1983 graece
1526 1946 1632 1978 νικος
1670 1945 1718 1971 εν

202 2006 451 2049 παραστασι
473 1995 652 2047 dicitur,
673 1994 828 2034 deinde
850 1995 1085 2049 prostylos,
1116 1994 1500 2052 amphiprostylos,
1532 1998 1717 2053 peripte-

294 2112 309 2139 1
338 2109 510 2140 drachma
538 2109 602 2139 (ill
621 2107 697 2149 (L),
724 2108 871 2140 dracma
897 2110 929 2139 E
956 2108 1121 2150 (dragma
1147 2110 1279 2149 Gchl).
1318 2109 1332 2152 Η
1371 2121 1440 2152 qua
1465 2121 1571 2142 numo
1595 2111 1715 2144 Sclm.:

203 2175 273 2206 qna
299 2175 445 2196 numero
471 2164 574 2196 EGH
602 2163 759 2205 (quoque
787 2175 826 2196 eo
852 2175 999 2196 numero
1024 2165 1125 2204 Joe.).
1160 2163 1174 2206 Η
1206 2167 1225 2196 2
1252 2176 1295 2197 ex
1321 2176 1438 2207 aequo
1463 2168 1554 2201 «luat
1582 2178 1625 2199 ex
1646 2177 1715 2208 quo

206 2221 320 2253 EGH.
343 2218 358 2262 Η
380 2223 400 2251 4
417 2221 547 2262 viginti
566 2224 735 2261 quattuor
753 2221 790 2251 ll
809 2220 917 2261 (Llc>:
937 2220 1079 2252 XXIIII
1093 2221 1168 2254 EG.
1191 2219 1206 2263 Η
1229 2222 1378 2263 dragma
1395 2222 1507 2254 EGH.
1532 2221 1546 2264 Η
1569 2224 1588 2254 6
1603 2212 1716 2254 aeris:

202 2288 250 2308 ,stc
264 2276 367 2307 EGH
385 2275 433 2316 (ut
453 2277 566 2308 Varro
581 2278 622 2307 (Ie
640 2278 660 2307 l.
679 2279 698 2308 l.
718 2280 748 2313 5,
769 2276 864 2318 173).
887 2274 901 2317 Η
926 2276 1139 2318 compositio
1160 2300 1165 2306 .
1183 2303 1189 2308 .
1207 2305 1213 2310 .
1234 2277 1438 2309 denarium:
1464 2280 1512 2310 sic
1529 2279 1641 2312 EGH.
1659 2276 1674 2321 Η
1697 2280 1716 2310 8

204 2336 334 2373 quarta
349 2343 432 2374 pars
448 2333 485 2363 H
499 2331 607 2374 (Llc):
628 2343 711 2373 pars
727 2337 857 2373 quarta
871 2333 944 2364 EG.
963 2330 977 2374 Η
995 2335 1013 2365 9
1028 2336 1149 2364 autem
1164 2333 1246 2364 EG:
1266 2343 1326 2367 om.
1342 2334 1378 2364 H
1391 2334 1493 2376 (Llc).
1513 2333 1527 2377 Η
1546 2336 1586 2367 10
1600 2338 1716 2366 ntrus-

205 2398 271 2428 que
298 2393 375 2420 ante
401 2398 490 2421 corr.
520 2389 565 2419 H.
599 2386 613 2430 Η
647 2390 686 2419 12
714 2388 858 2419 decusis
885 2389 981 2420 sexis
1007 2390 1045 2419 H
1064 2387 1168 2429 (Lclc‚
1193 2389 1416 2421 decuslsexis
1442 2395 1519 2422 unte
1544 2401 1634 2422 corr.
1654 2391 1713 2430 L),

203 2444 347 2474 decusis
374 2454 438 2475 sex
464 2444 516 2476 eis
547 2444 622 2478 EG.
659 2442 673 2485 Η
713 2448 914 2475 auctorem:
953 2444 1138 2476 ductorem
1162 2445 1205 2479 E.
1244 2443 1258 2486 Η
1298 2447 1337 2476 15
1369 2444 1529 2477 sedecim
1560 2446 1597 2476 H
1623 2446 1713 2488 (Ll):

204 2499 288 2530 XVI
314 2500 345 2530 E
378 2499 507 2540 (Get-h),
534 2500 623 2531 XIII
648 2505 726 2530 (lnce
751 2511 838 2531 corr.
868 2500 903 2531 G.
933 2498 947 2541 Η
979 2509 1061 2531 ascs
1089 2502 1127 2533 G.
1167 2498 1181 2541 Η
1221 2502 1260 2531 16
1293 2502 1460 2533 aeracius
1493 2502 1623 2542 (—tius
1651 2501 1712 2543 G):

200 2556 249 2585 sic
269 2555 368 2585 Elr'H
387 2555 530 2595 (aereus
547 2556 612 2591 ecl„
632 2565 758 2587 aereos
778 2556 876 2595 Phil„
895 2557 1081 2587 auctatius
1099 2558 1172 2587 olim
1187 2556 1274 2596 eyn).
1298 2554 1312 2598 Η
1337 2558 1377 2588 19
1394 2558 1508 2599 partis
1525 2558 1605 2588 EG:
1631 2567 1714 2598 par-

203 2614 256 2641 tes
274 2612 310 2641 ll
329 2610 432 2651 (Llce,
458 2615 562 2652 parte
588 2615 665 2642 ante
689 2621 778 2642 corr.
804 2613 842 2651 l).
874 2610 888 2653 Η
919 2613 961 2642 20
992 2612 1234 2653 suscipiamus
1265 2611 1301 2652 (i.
1327 2623 1354 2644 e.
1384 2613 1579 2655 probemus
1609 2613 1653 2652 cf.
1674 2623 1712 2653 p.

203 2668 252 2701 (1¹0,
282 2667 337 2707 11)
364 2667 464 2700 EGH
483 2666 588 2708 (Leve,
615 2667 854 2708 suspiciamus
879 2673 956 2698 {mle
982 2678 1071 2699 corr.
1096 2668 1137 2705 L,
1165 2678 1293 2705 errore,
1321 2674 1354 2699 ut
1371 2671 1519 2701 consulto
1538 2669 1640 2700 Perr.
1666 2669 1711 2708 cf.

209 2721 294 2758 Vll,
320 2723 389 2763 prs.
416 2722 462 2762 8).
499 2720 513 2764 Η
552 2723 660 2754 etiam
691 2733 752 2754 om.
784 2723 826 2754 E.
851 2721 865 2764 Η
895 2723 1096 2754 mortalium
1122 2726 1176 2759 (Ἰι,
1206 2722 1254 2763 (ut
1277 2735 1383 2764 snpra
1405 2736 1444 2765 p.
1477 2726 1519 2755 62
1544 2728 1576 2755 et
1602 2724 1670 2763 64).
1695 2726 1707 2765 ]'

203 2779 243 2806 *22
271 2778 530 2810 convenientes
546 2779 618 2811 doe.
646 2776 764 2820 (rec.):
793 2779 1123 2819 convenientesque
1150 2779 1261 2810 EGII.
1294 2778 1308 2821 Η
1339 2781 1381 2811 ‘23
1406 2790 1527 2811 eorum
1545 2780 1581 2809 Il
1600 2778 1708 2818 (Lle);

203 2842 345 2872 operum
376 2834 446 2867 EG.
480 2832 494 2876 Η
526 2833 815 2876 distributiones]
839 2835 891 2866 hic
921 2836 1041 2866 desinit
1067 2836 1110 2866 E.
1143 2833 1157 2877 Η
1188 2836 1230 2866 25
1258 2839 1293 2866 et
1324 2841 1401 2866 (mle
1426 2846 1515 2869 corr.
1541 2845 1601 2868 om.
1631 2836 1667 2867 (J'.
1690 2834 1706 2878 Η

204 2896 338 2918 naosen
365 2891 573 2930 parastasin
601 2891 676 2923 GH.
717 2888 731 2932 Η
768 2891 810 2922 26
835 2890 1005 2932 prostilos
1033 2891 1152 2932 amphi
1176 2890 1329 2934 protilos
1355 2891 1394 2924 G.
