1909 3322
154 955 189 985 10

136 1157 189 1189 111

152 1294 190 1324 15

150 1633 192 1662 20

154 2307 196 2335 :w

216 229 292 269 los
863 233 1072 264 V1TRUV11

211 342 274 382 uti
303 337 555 394 magnitudo
594 337 869 393 symmetriae
908 350 1053 378 eorum
1084 335 1176 378 foro
1206 333 1481 392 respondeat.
1541 333 1731 375 maxime

213 407 387 464 quidem
419 406 538 447 curia
567 406 613 446 in
643 405 793 461 primis
827 412 890 445 est
920 403 1120 444 facienda
1150 403 1206 444 ad
1227 402 1486 458 dignitatem
1506 401 1732 457 municipii

206 476 304 534 'sive
336 473 540 514 civitatis.
602 479 643 514 et
674 473 711 514 si
742 472 951 529 quadrata
983 472 1075 524 erit,
1109 477 1317 527 quantum
1355 468 1556 510 habuerit
1585 467 1729 510 latitu-

212 542 325 583 dinis
372 540 554 582 dimidia
601 540 752 581 addita
789 541 1074 581 constituatur
1112 537 1324 591 altitudo,
1371 538 1437 577 sin
1477 536 1620 578 autem
1657 535 1730 577 ob-

211 610 340 664 longa
374 608 526 662 fuerit,
577 607 800 664 longitudo
848 614 887 648 et
932 607 1117 648 latitudo
1163 611 1442 661 componatur
1488 611 1529 645 et
1567 618 1733 645 summa

213 677 468 733 composita,
502 677 593 717 eius
626 676 806 717 dimidia
837 691 935 732 pars
968 674 1047 715 sub
1078 673 1308 714 lacunariis
1341 671 1561 714 altitudini
1593 671 1731 713 detur.

212 750 433 803 praeterea
469 743 779 801 praecingendi
825 750 924 784 sunt
962 743 1146 798 parietes
1182 739 1325 781 medii
1370 741 1537 782 coronis
1577 754 1631 780 ex
1668 740 1730 780 in-

212 814 370 855 testino
410 826 536 869 opere
583 818 655 852 aut
693 810 857 852 albario
898 810 952 851 ad
991 809 1217 850 dimidiam
1263 814 1430 864 partem
1475 806 1732 849 altitudinis.

214 895 323 938 quae
353 882 390 922 si
420 896 505 922 non
537 888 675 932 erunt,
707 894 794 920 vox
825 879 888 919 ibi
919 877 1231 933 disputantium
1262 875 1373 916 elata
1393 876 1439 916 in
1459 874 1733 917 altitudinem

213 947 453 990 intellectui
482 963 567 990 non
589 948 747 1004 poterit
776 961 871 987 esse
893 945 1182 986 audientibus.
1245 958 1341 984 cum
1379 950 1522 984 autem
1562 943 1732 984 coronis

215 1017 451 1073 praecincti
480 1017 666 1072 parietes
698 1020 835 1068 erunt,
868 1029 957 1055 vox
986 1013 1040 1054 ab
1070 1014 1181 1065 imis,
1214 1018 1378 1053 morata
1408 1012 1659 1067 priusquam
1690 1010 1734 1050 in

216 1100 315 1126 aera
346 1083 458 1125 elata
489 1082 792 1139 dissipabitur,
826 1081 1001 1123 auribus
1035 1081 1113 1122 erit
1144 1079 1376 1121 intellecta.

328 1151 435 1193 Cum
456 1151 598 1192 forum
629 1151 908 1191 constitutum
938 1149 1082 1201 fuerit,
1113 1155 1205 1189 tum
1237 1148 1413 1188 deorum
1443 1145 1734 1188 inmortalium

216 1219 368 1261 diebus
420 1218 542 1260 festis
596 1217 794 1259 ludorum
840 1215 1180 1273 spectationibus
1235 1214 1459 1269 eligendus
1507 1221 1569 1255 est
1615 1213 1732 1255 locus

215 1287 384 1329 theatro
422 1301 549 1343 quam
580 1285 909 1337 saluberrimus,
949 1285 1014 1325 uti
1054 1284 1099 1324 in
1138 1283 1276 1339 primo
1315 1281 1426 1323 libro
1466 1281 1520 1322 de
1552 1280 1732 1322 salubri-

214 1355 375 1397 tatibus
407 1355 450 1394 in
481 1354 697 1396 moenium
728 1351 1095 1393 conloeationibus
1128 1358 1191 1391 est
1222 1351 1443 1406 scriptum.
1504 1364 1580 1405 per
1610 1348 1733 1390 ludos

216 1424 330 1464 enim
368 1437 464 1463 cum
503 1420 759 1476 coniugibus
798 1427 838 1461 ct
876 1419 1024 1461 liberis
1062 1417 1341 1475 persedentes
1374 1415 1733 1458 delectationibus

216 1491 461 1532 detinentur
500 1496 539 1530 et
579 1503 757 1545 corpora
802 1494 977 1544 propter
1022 1486 1287 1543 voluptatem
1332 1486 1495 1526 inmota
1538 1490 1734 1541 patentes

217 1558 376 1599 habent
406 1572 561 1610 venas>
593 1558 637 1597 in
669 1571 772 1612 quas
804 1554 1000 1597 insidunt
1030 1569 1231 1595 aurarum
1260 1553 1409 1606 flatus,
1443 1553 1516 1608 qui
1548 1554 1584 1594 si
1614 1567 1639 1592 a
1668 1566 1731 1592 re-

216 1626 416 1681 gionibus
454 1624 718 1681 palustribus
756 1630 830 1664 aut
869 1622 966 1664 aliis
998 1622 1249 1677 regionibus
1282 1621 1451 1662 vitiosis
1483 1620 1732 1672 advenient,

216 1700 416 1735 nocentes
456 1693 632 1749 spiritus
674 1691 924 1747 corporibus
964 1689 1207 1731 infundent.
1273 1690 1418 1744 itaque
1457 1688 1491 1728 si
1525 1688 1733 1729 curiosius

217 1760 399 1816 eligetur
445 1759 563 1801 locus
609 1760 798 1812 theatro,
844 1758 1098 1799 vitabuntur
1142 1758 1262 1798 vitia.
1333 1756 1546 1811 etiamque
1591 1755 1733 1811 provi-

218 1828 407 1869 dendum
440 1835 503 1868 est
534 1842 642 1868 nene
673 1828 859 1883 impetus
891 1826 1049 1867 habeat
1079 1840 1104 1865 a
1134 1824 1330 1865 meridie.
1399 1822 1461 1865 sol
1494 1823 1607 1863 enim
1639 1837 1733 1863 cum

219 1895 367 1951 implet
413 1897 502 1936 eius
548 1894 882 1947 rotunditatem,
937 1908 1010 1934 aer
1054 1892 1278 1934 conclusus
1323 1897 1554 1932 curvatura
1597 1905 1735 1945 neque

152 1979 158 1983 ·
218 1963 381 2005 habens
403 1969 659 2018 potestatem
690 1961 878 2016 vagandi
911 1959 1123 2002 versando
1156 1959 1444 2001 confervescit
1476 1965 1516 1999 et
1548 1957 1734 1998 candens

218 2030 362 2072 adurit
400 2030 686 2084 excoquitque
723 2036 764 2070 et
800 2029 1004 2069 inminuit
1045 2042 1066 2067 o
1103 2026 1352 2083 corporibus
1390 2039 1571 2067 umores.
1638 2024 1735 2065 ideo

220 2098 408 2138 maxime
441 2096 643 2138 vitandae
674 2103 772 2137 sunt
803 2096 869 2137 his
901 2095 1027 2136 rebus
1060 2095 1242 2135 vitiosae
1273 2094 1470 2148 regiones
1503 2099 1542 2133 et
1574 2092 1734 2147 eligen—

219 2165 299 2206 dae
323 2163 532 2205 salubres.
574 2163 950 2205 fundamentorum
980 2169 1137 2215 autem,
1170 2162 1206 2202 si
1238 2161 1282 2201 in
1312 2160 1530 2202 montibus
1562 2159 1734 2212 fuerint,

220 2232 389 2273 facilior
410 2233 490 2272 erit
510 2232 635 2285 ratio,
668 2231 744 2272 sed
776 2232 812 2271 si
843 2231 1076 2271 necessitas
1109 2230 1294 2283 coegerit
1326 2229 1369 2269 in
1401 2226 1528 2283 plano
1559 2234 1633 2268 aut
1663 2241 1734 2282 pa-

221 2299 347 2341 lustri
391 2298 482 2340 loco
530 2314 578 2339 ea
618 2299 841 2351 constitui,
890 2297 1169 2339 solidationes
1209 2296 1637 2350 substructionesque
1676 2295 1737 2335 ita

223 2373 345 2407 crunt
366 2365 603 2420 faciendae,
637 2366 995 2421 quemadmodum
1027 2365 1080 2405 de
1110 2362 1436 2406 fundationibus
1468 2361 1639 2403 aedium
1672 2375 1735 2402 sa-

316 2518 331 2548 1
358 2515 578 2558 respondeat
602 2517 671 2548 e‹l.:
699 2515 946 2557 respondeant
974 2515 1049 2548 GH.
1070 2511 1086 2557 [1
1110 2514 1130 2545 5
1149 2523 1286 2545 sumina
1305 2511 1505 2554 composita
1522 2512 1615 2543 ἆσαι
1643 2521 1736 2542 sum—

226 2583 304 2604 mae
331 2571 445 2615 (-—m(2
473 2573 514 2613 G)
541 2571 732 2613 conposita
760 2572 824 2602 GH
850 2571 925 2612 (secl
950 2572 994 2602 GC
1019 2568 1269 2611 compositae).
1310 2571 1323 2610 Η
1361 2569 1380 2598 6
1407 2567 1591 2599 lacunaris
1619 2567 1695 2599 GH.

226 2639 412 2671 altitudini
439 2630 542 2680 (-—ne¹;
567 2639 643 2677 Gc):
672 2648 759 2670 —ne
788 2639 854 2669 GH
879 2637 981 2679 (Llc).
1014 2635 1028 2680 Η
1059 2639 1078 2669 8
1104 2647 1212 2678 opere
1234 2636 1277 2667 G:
1304 2646 1372 2677 ope
1398 2636 1437 2667 H
1461 2634 1542 2675 (ope
1557 2633 1622 2675 elz).
1651 2630 1666 2675 {l
1697 2634 1736 2664 14

226 2695 516 2738 spectationibus
541 2696 633 2728 Joc.:
667 2695 1005 2736 exspectationibus
1033 2694 1170 2734 (exp—
1198 2692 1247 2733 H)
1277 2692 1351 2723 GH.
1382 2690 1397 2733 Η
1428 2692 1469 2722 16
1494 2691 1531 2721 in
1556 2690 1735 2721 moenium

229 2753 261 2783 fl
289 2751 398 2793 (Llc):
436 2752 633 2783 immoenu]
660 2752 697 2783 G.
735 2748 750 2793 {l
790 2752 829 2782 19
861 2750 1023 2783 insidunt
1054 2750 1125 2781 ech:
1157 2751 1310 2779 —-untur
1342 2745 1439 2787 (unt'²
1470 2745 1511 2786 G>
1540 2746 1615 2779 GH.
1648 2743 1662 2787 Η
1694 2746 1736 2776 ‘22

228 2808 377 2849 eligitur
401 2813 479 2840 ante
510 2818 600 2840 corr.
630 2807 667 2838 G.
700 2804 714 2848 Η
753 2808 793 2838 23
825 2816 917 2837 110110
944 2807 981 2837 ll
1012 2804 1056 2846 (Ie
1087 2809 1118 2836 et
1143 2809 1220 2835 ante
1251 2814 1340 2835 corr.
1370 2802 1441 2841 L).:
1475 2812 1520 2832 110
1549 2801 1575 2832 G
1600 2800 1688 2841 (Lc).
1718 2798 1731 2839 ΙῚ

228 2876 267 2905 27
301 2867 430 2920 V1tioie
464 2876 518 2908 GC.
558 2872 571 2917 Η
610 2860 778 2916 {tehgeriip
813 2874 857 2904 (Jc
894 2871 1078 2914 (aeligene
1114 2872 1167 2911 G).
1205 2868 1219 2912 Η
1258 2871 1300 2901 ‘28
1338 2869 1473 2901 fuerint
1504 2867 1613 2901 Mara
1659 2867 1737 2900 fue-

228 2930 275 2961 rit
303 2931 378 2961 till.

1758 750 1776 779 1-'1

1760 1764 1779 1793 1³
