1909 3322
212 213 291 253 148
860 213 1068 245 virnuvn

212 324 487 365 conlocantur
527 325 650 360 extra
688 317 873 358 culinam
911 318 955 358 in
993 321 1140 371 aperto
1172 320 1320 355 contra
1351 314 1572 354 orientem.
1633 325 1730 352 cum

212 393 324 432 enim
346 391 391 429 in
421 388 562 429 hieme
592 386 694 427 anni
724 400 874 426 sereno
906 383 1021 424 caelo
1053 383 1097 422 in
1129 396 1178 422 ea
1209 380 1493 423 traducuntur
1522 379 1730 419 matutino

212 459 361 510 boves,
393 455 448 496 ad
481 455 613 496 solem
645 452 849 510 pabulum
880 452 1097 507 capientes
1129 449 1238 489 fiunt
1267 448 1508 488 nitidiores.
1578 445 1731 486 horrea

212 525 362 566 senilia
399 523 580 563 farraria
615 521 799 578 pistrina
838 526 962 560 extra
998 516 1147 558 villam
1184 515 1384 556 facienda
1422 513 1647 565 videntur,
1686 518 1733 552 ut

213 593 267 634 ab
308 592 421 646 ignis
461 589 651 647 periculo
689 589 776 630 sint
814 586 943 628 villae
975 585 1166 626 tutiores.
1228 584 1264 624 si
1296 582 1400 639 quid
1431 580 1657 622 delicatius
1689 580 1732 620 in

215 659 331 701 villis
354 657 605 699 faciundum
627 657 779 709 fuerit,
812 670 865 695 cx
888 652 1152 709 symmetriis
1185 665 1291 706 quae
1320 651 1366 690 in
1396 649 1574 690 urbanis
1607 661 1732 703 supra

216 728 401 784 scriptae
447 731 545 767 sunt
591 724 824 765 constituta
867 722 927 761 ita
972 725 1192 760 struantur
1231 719 1294 758 uti
1338 717 1430 758 sine
1468 715 1736 772 inpeditione

214 796 402 836 rusticae
433 793 634 834 utilitatis
667 790 960 831 aedificentur.
1030 787 1255 841 omniaque
1291 784 1490 825 aedificia
1527 790 1573 824 ut
1610 782 1734 823 lumi-

215 877 322 903 nosa
360 862 446 902 sint
484 866 650 917 oportet
682 858 842 909 curari,
882 855 957 896 sed
997 869 1104 910 quae
1136 859 1235 893 sunt
1266 852 1321 893 ad
1352 850 1501 904 villas,
1541 849 1737 891 faciliora

152 944 192 974 10
218 930 422 970 videntur
454 943 546 969 esse
586 927 682 967 ideo
715 924 829 980 quod
859 924 999 980 paries
1030 921 1187 962 nullius
1219 920 1354 960 vicini
1384 925 1525 976 potest
1551 918 1736 970 obstare,

219 999 263 1038 in
294 997 401 1038 urbe
439 1002 581 1036 autem
610 1000 683 1035 aut
715 992 1003 1033 communium
1033 990 1246 1046 parietum
1277 986 1530 1028 altitudines
1560 991 1635 1026 aut
1664 999 1737 1025 an-

219 1065 387 1119 gustiae
410 1062 491 1103 loci
521 1060 786 1117 inpediundo
808 1059 974 1099 faciunt
1004 1057 1302 1098 obscuritates.
1362 1056 1507 1110 itaque
1539 1053 1592 1093 de
1624 1067 1673 1093 ea
1693 1066 1739 1092 re

220 1134 283 1173 sic.
314 1132 394 1171 erit
426 1127 754 1186 experiundum.
816 1142 871 1167 ex
902 1139 985 1181 qua
1015 1130 1137 1180 parte
1166 1123 1307 1164 lumen
1347 1127 1541 1178 oporteat
1572 1134 1739 1161 sumere

220 1199 334 1239 linea
370 1198 573 1239 tendatur
612 1196 665 1236 ab
706 1193 937 1235 altitudine
968 1192 1144 1249 parietis
1176 1192 1248 1247 qui
1279 1189 1452 1231 videtur
1483 1188 1655 1230 obstare
1684 1186 1739 1226 ad

155 1280 194 1310 15
221 1282 315 1307 611111
340 1266 480 1307 locum
511 1278 593 1319 quo
624 1268 819 1318 oporteat
849 1261 1067 1301 inmittere
1078 1292 1089 1313 ,
1122 1266 1163 1299 et
1194 1260 1229 1300 si
1261 1258 1314 1298 ab
1348 1255 1540 1298 ea'linea
1570 1256 1615 1296 in
1644 1253 1739 1295 alti-

221 1334 414 1375 tudinem
445 1347 540 1372 cum
573 1331 861 1387 prospiciatur
891 1329 1050 1384 poterit
1070 1326 1255 1382 spatium
1288 1325 1383 1381 puri
1415 1324 1522 1365 caeli
1551 1321 1740 1378 amplum

168 605 187 635 β’(

224 1401 385 1453 videri,
425 1401 469 1440 in
507 1414 554 1439 eo
595 1398 685 1439 loco
726 1396 869 1437 lumen
910 1396 990 1435 erit
1029 1395 1122 1435 sine
1161 1393 1440 1448 inpeditione.
1501 1392 1568 1432 sin
1598 1396 1740 1430 autem

224 1468 414 1509 officient
455 1467 598 1507 trabes
638 1480 713 1505 seu
742 1463 891 1504 limina
921 1469 994 1503 aut
1025 1462 1388 1515 contignationes,
1429 1459 1481 1499 dc
1512 1458 1740 1514 superiori-

223 1537 303 1576 bus
336 1534 529 1591 partibus
560 1533 778 1589 aperiatur
809 1537 850 1571 et
882 1531 941 1571 ita
972 1530 1227 1570 inmittatur.
1288 1534 1328 1568 ct
1358 1526 1412 1567 ad
1444 1540 1651 1567 summam
1682 1525 1742 1564 ita

157 1616 199 1645 20
227 1610 290 1644 est
328 1600 656 1657 gubernandum
692 1605 740 1639 ut
771 1613 825 1638 cx
856 1597 1196 1653 quibuscumque
1227 1595 1420 1650 partibus
1453 1592 1616 1634 caelum
1647 1606 1742 1647 pro·

226 1671 334 1726 spici
356 1669 534 1724 poterit,
568 1682 643 1723 per
665 1681 735 1706 eas
758 1665 1043 1706 fenestrarum
1073 1663 1166 1705 loca
1196 1662 1505 1717 relinquantur,
1538 1661 1599 1700 sic
1630 1659 1743 1699 enim

225 1738 369 1778 lucida
416 1742 539 1776 erunt
581 1733 791 1774 aedificia.
860 1748 956 1772 eum
1001 1737 1143 1772 autem
1183 1731 1225 1770 in
1263 1728 1464 1770 tricliniis
1505 1727 1744 1781 ceterisque

228 1803 502 1846 conclavibus
525 1803 738 1843 maximus
772 1807 836 1841 est
867 1814 969 1840 usus
1000 1798 1230 1849 lumimnn,
1263 1803 1353 1837 tum
1386 1796 1513 1837 etiam
1544 1795 1588 1835 in
1620 1795 1742 1834 itine-

226 1873 345 1913 ribus
377 1871 500 1912 clivis
533 1868 681 1921 scalis,
715 1868 828 1923 quod
860 1868 903 1907 in
934 1867 1000 1906 his
1034 1866 1205 1921 saepius
1237 1863 1310 1904 alii
1340 1863 1436 1904 aliis
1469 1862 1641 1903 obviam
1672 1875 1742 1901 ve-

160 1951 202 1981 25
228 1941 396 1979 nientes
428 1938 613 1977 ferentes
647 1937 835 1976 sarcinas
868 1933 1006 1974 solent
1037 1934 1266 1973 incurrere.

344 2004 498 2056 Quoad
537 2004 657 2058 potui
696 2001 1022 2042 distrilmtioncs
1061 2015 1236 2056 operum
1268 1999 1543 2049 nostratium,
1582 2002 1630 2036 ut
1660 1996 1746 2035 sint

230 2071 576 2114 aedificatoribus
609 2084 692 2110 non
724 2069 944 2122 obscurae,
979 2067 1180 2124 explicui.
1240 2081 1353 2107 nunc
1384 2066 1511 2107 etiam
1543 2062 1744 2119 quemad-

230 2140 404 2181 modum
451 2139 712 2179 Graecorum
765 2135 1147 2177 consuetiulinibus
1186 2134 1384 2174 aedificia
1414 2131 1744 2183 distribuantur,

229 2209 293 2248 uti
324 2222 408 2248 11011
439 2207 525 2247 sint
555 2206 716 2259 ignota,
748 2204 992 2245 summatim
1024 2217 1247 2258 exponam.
1536 2204 1543 2207 ’

323 2380 342 2408 2
368 2377 404 2407 111
430 2377 547 2407 hieme
569 2376 602 2405 ll
621 2374 730 2415 (Lle):
757 2375 874 2406 hicme
903 2375 939 2406 G.
964 2371 978 2416 Η
1003 2376 1107 2405 catra
1126 2372 1293 2403 dicuntur
1309 2375 1386 2402 ante
1411 2382 1500 2402 corr.
1529 2370 1556 2402 G
1580 2368 1639 2410 (ca
1691 2373 1745 2400 tra

234 2444 413 2475 ducuntur
438 2442 496 2483 L).
520 2439 534 2484 Η
557 2443 575 2473 5
602 2442 638 2472 111
656 2442 754 2473 villis
781 2442 1007 2472 faciundum:
1032 2442 1080 2471 sic
1108 2440 1183 2474 GH,
1207 2437 1221 2480 Η
1245 2440 1263 2470 7
1289 2439 1450 2479 scriptae
1472 2438 1580 2470 Μανῆς
1608 2438 1746 2478 scripta

238 2500 313 2532 (ill.
343 2497 360 2540 Η
390 2499 443 2529 uti
470 2499 507 2529 II
531 2498 639 2537 (lAe):
673 2501 709 2528 ut
739 2499 775 2529 G.
807 2495 823 2539 Η
854 2499 873 2529 8
902 2496 1138 2528 aedificentur
1166 2495 1246 2530 GH,
1274 2493 1501 2534 (—ficientur
1526 2494 1566 2529 L,
1593 2493 1748 2524 ficantur

235 2554 291 2593 le).
324 2553 338 2596 Η
371 2554 578 2594 omniaque:
604 2554 652 2584 sic
680 2553 754 2585 GH.
785 2551 799 2596 Η
831 2555 869 2583 12
897 2552 1131 2594 inpediundo:
1169 2552 1217 2581 sie
1245 2550 1321 2585 GH,
1354 2548 1368 2593 Η
1403 2552 1441 2582 13
1469 2548 1745 2590 experiundum:

235 2612 283 2640 sie
312 2612 387 2641 GH.
419 2607 433 2651 Η
468 2611 508 2641 15
534 2619 603 2648 quo
634 2612 801 2649 oporteat
833 2610 876 2640 G:
916 2611 975 2649 qui
1006 2610 1173 2649 oporteat
1206 2608 1240 2637 ll
1267 2605 1369 2646 (Lle).
1398 2604 1414 2648 Η
1447 2606 1487 2636 18
1518 2605 1646 2635 limina
1675 2605 1745 2634 ed.:

236 2666 372 2696 lumina
400 2666 475 2699 GH,
508 2662 522 2706 Η
554 2666 596 2695 ‘20
623 2674 682 2695 cx:
713 2665 762 2695 sic
789 2665 863 2695 Gll.
893 2662 907 2706 Η
941 2665 980 2694 21
1015 2673 1077 2694 eas
1107 2664 1178 2694 e(I.:
1213 2672 1256 2693 ea
1288 2662 1364 2693 GH.
1397 2659 1411 2703 Η
1442 2663 1484 2692 23
1516 2659 1746 2690 initineribus

240 2722 282 2753 li:
310 2721 501 2752 itineribus
528 2718 603 2761 (om.
632 2719 681 2760 in)
709 2721 748 2750 ll
772 2719 872 2760 (Lle).
903 2717 917 2761 Η
955 2721 997 2750 24
1023 2719 1137 2750 clavis
1163 2723 1239 2749 ante
1264 2728 1353 2751 corr.
1382 2718 1420 2749 G.
1450 2714 1466 2758 Η
1498 2715 1607 2747 scalis
1634 2714 1744 2756 quod:

236 2788 284 2817 sic
311 2788 386 2818 GH.
421 2785 435 2829 Η
467 2787 522 2818 his
551 2787 587 2823 G,
613 2774 649 2818 lis
674 2787 715 2816 H
737 2786 807 2826 (his
828 2786 914 2825 LIe).
948 2784 963 2827 Η
995 2786 1058 2817 alii
1085 2785 1167 2816 aliis
1188 2785 1231 2816 G:
1260 2784 1352 2815 alius
1379 2782 1510 2823 (alilus
1530 2782 1583 2822 ll)
1611 2781 1693 2813 aliis
1710 2781 1747 2811 H

240 2842 355 2883 (Lle).·
374 2841 388 2884 Η
420 2844 462 2873 26
488 2846 542 2874 ut:
569 2844 616 2874 sie
644 2843 718 2876 GH.
745 2840 759 2884 Η
780 2844 822 2874 27
842 2841 1137 2873 aedificatoribus
1157 2841 1224 2872 Gli
1248 2839 1303 2882 (L,
1322 2839 1520 2871 ——tioribus
1538 2840 1576 2876 Ic,
1596 2837 1746 2869 —tioni-

237 2897 303 2928 bus
328 2898 373 2937 ll),
