1899 3322
61 560 79 588 ιδ

530 243 592 273 DE
623 242 978 273 ARCHITECTURA
1010 243 1101 273 121ss.
1134 243 1197 272 lx.
1543 231 1624 272 237

104 348 207 388 item
246 360 300 387 ex
338 345 404 387 his
449 345 680 400 generibus
718 345 904 386 viatoria
950 344 1134 401 pensilia
1178 345 1241 386 uti
1285 344 1435 385 fierent
1482 343 1625 400 plures

106 415 266 470 scripta
286 413 565 469 reliquerunt.
617 428 669 453 ex
699 427 878 469 quorum
909 411 1031 452 libris
1056 412 1091 452 si
1114 413 1186 467 qui
1208 411 1315 455 yelit
1337 412 1625 453 subiectiones

105 482 301 522 invenire
332 482 511 538 poterit,
551 480 782 522 dummodo
815 480 924 520 sciat
962 479 1266 520 analemmatos
1299 479 1625 535 descriptiones.

219 549 329 589 Item
361 556 460 590 sunt
500 563 553 589 ex
592 563 700 604 aqua
741 548 1010 603 conquisitae
1046 547 1101 587 ab
1141 547 1302 587 eisdem
1344 546 1626 603 scriptoribus

105 615 424 670 horologiorum
464 617 672 669 rationes,
711 616 984 672 primumque
1021 629 1046 654 a
1086 614 1279 655 Ctesibio
1311 614 1627 666 Alexandrino,

106 684 179 739 qui
219 691 261 724 et
298 684 388 724 vim
428 684 605 740 spiritus
654 681 861 724 naturalis
907 682 1286 738 pneumaticasque
1331 697 1397 722 res
1446 683 1627 723 invenit.

105 751 181 791 sed
213 752 276 791 uti
308 750 470 792 fuerint
502 766 550 792 ea
582 751 812 806 exquisita,
846 750 1025 805 dignum
1055 756 1119 790 est
1147 749 1351 790 studiosis
1381 764 1627 804 agnoscere.

107 818 325 860 Ctesibius
367 819 480 859 enim
518 818 658 859 fuerat
688 817 983 859 Alexandriae
1020 823 1145 858 natus
1184 824 1306 873 patre
1346 824 1531 859 tonsore.
1592 818 1627 857 is

106 887 280 941 ingenio
313 893 354 927 ct
385 886 601 927 industria
633 901 788 941 magna
818 892 988 942 practer
1019 884 1206 940 reliquos
1239 883 1453 926 excellens
1487 884 1627 924 dictus

106 960 169 995 est
199 954 445 995 artificiosis
477 954 605 996 rebus
638 970 681 994 sc
713 953 942 994 delectare.
1003 967 1185 1008 namque
1216 968 1312 993 cum
1344 952 1553 993 voluisset
1584 952 1626 991 in

104 1022 283 1063 taberna
324 1023 390 1063 sui
430 1022 562 1078 patris
603 1020 823 1077 speculum
864 1022 923 1061 ita
962 1021 1150 1077 pendere
1188 1027 1235 1061 ut
1273 1035 1369 1061 cum
1401 1019 1630 1061 duceretur

106 1104 338 1145 susumque
368 1089 658 1143 reduceretur,
692 1089 804 1129 linea
825 1088 963 1129 latens
986 1088 1154 1144 pondus
1176 1087 1416 1141 reduceret,
1448 1089 1509 1128 ita
1531 1102 1628 1128 cou-

105 1155 265 1198 locavit
286 1157 659 1199 machinationem.
712 1156 902 1198 canalem
934 1156 1124 1211 ligneum
1157 1155 1236 1197 sub
1268 1157 1388 1211 tigno
1419 1155 1516 1196 fixit
1547 1154 1626 1196 ibi-

107 1240 188 1281 que
226 1224 408 1266 trocleas
456 1224 712 1267 conlocarit.
788 1240 864 1281 per
903 1223 1093 1265 canalem
1140 1223 1296 1264 lincam
1336 1225 1380 1263 in
1423 1221 1626 1277 angulum

107 1292 291 1333 deduxit
321 1293 469 1348 ibique
500 1291 672 1334 tubulos
704 1293 876 1334 struxit.
937 1293 978 1332 in
1012 1308 1082 1332 eos
1114 1291 1246 1348 pilam
1277 1290 1523 1347 plumbeam
1553 1305 1628 1346 per

106 1360 262 1401 lineam
295 1360 605 1402 demittendam
639 1361 819 1402 curavit.
872 1361 932 1401 ita
962 1359 1130 1416 pondus
1164 1375 1257 1399 cum
1291 1358 1557 1400 decurrendo
1584 1358 1627 1397 in

107 1429 331 1483 angustias
364 1428 610 1470 tubulorum
651 1434 863 1484 premeret
902 1427 1008 1468 caeli
1048 1426 1342 1479 crebritatem,
1384 1425 1627 1466 vehementi

106 1497 290 1537 decursu
322 1510 397 1552 per
428 1496 572 1537 fauces
605 1495 890 1551 frequentiam
924 1495 1029 1535 caeli
1062 1496 1378 1551 compressione
1401 1492 1627 1534 solidatam

106 1564 341 1605 extrudens
382 1565 426 1604 in
465 1578 606 1604 acrem
646 1570 864 1619 patentem
904 1562 1136 1604 offensione
1174 1569 1311 1603 tactus
1350 1562 1515 1602 sonitus
1554 1575 1626 1600 ex-

105 1639 321 1688 presserat
353 1630 602 1672 claritatem.
655 1646 756 1685 crgo
784 1630 1003 1672 Ctesibius
1035 1646 1131 1670 cum
1161 1629 1541 1670 animadvertisset
1573 1643 1627 1668 ex
1654 1641 1662 1652 ⁸

105 1706 222 1740 tactu
262 1697 368 1739 caeli
409 1706 449 1739 et
496 1698 848 1754 expressionibus
895 1699 1070 1754 spiritus
1112 1712 1325 1753 vocesque
1372 1697 1510 1749 nasci,
1560 1695 1626 1736 his

108 1766 331 1823 principiis
363 1781 465 1807 usus
497 1765 772 1822 hydraulicas
811 1765 1031 1806 machinas
1063 1766 1228 1820 primus
1260 1765 1464 1806 instituit.
1524 1764 1627 1804 item

106 1850 313 1890 aquarum
354 1834 656 1890 expressiones
694 1839 1178 1889 automatopoeetasque
1216 1832 1435 1873 machinas
1475 1831 1626 1872 multa—

108 1917 189 1958 que
229 1901 480 1942 deliciarum
518 1916 696 1956 genera,
736 1902 781 1942 in
811 1901 876 1942 his
909 1902 1037 1942 etiam
1074 1899 1395 1955 horologiorum
1434 1915 1487 1940 ex
1518 1914 1627 1954 aqua

200 2143 215 2173 1
243 2141 329 2172 item
356 2143 426 2175 ed.:
455 2140 548 2173 idem
577 2142 652 2173 GH.
688 2139 701 2183 Η
732 2140 886 2183 pensilia
914 2141 979 2172 (ill
1004 2140 1060 2179 (L,
1087 2140 1294 2182 penonsilia
1312 2139 1368 2181 lc).
1403 2138 1417 2183 Η
1447 2142 1466 2171 2
1493 2139 1523 2170 si
1551 2140 1629 2181 qui:

107 2199 155 2229 si(-
189 2198 265 2229 GH.
304 2195 318 2239 Η
356 2199 375 2228 5
409 2208 429 2228 a
463 2196 623 2229 Ctesibio
662 2199 713 2229 ed.
747 2198 816 2231 Fe:
855 2197 1017 2229 aelesbio
1057 2198 1122 2228 (ill
1161 2196 1338 2238 (siclesbio
1373 2197 1417 2233 L,
1458 2195 1629 2227 acbesbio

109 2257 155 2291 le,
196 2253 349 2300 alcsbio
374 2257 451 2285 (mle
488 2264 578 2285 cor-r.
616 2253 652 2290 le,
693 2253 855 2285 aelesbio
894 2252 956 2294 lec).
996 2251 1010 2295 Η
1058 2254 1077 2284 6
1117 2257 1152 2285 et
1190 2254 1260 2285 vim
1299 2263 1376 2293 eqo:
1422 2251 1488 2283 &15
1525 2252 1626 2291 (etia)

113 2310 188 2341 GH.
222 2307 236 2352 Η
269 2310 592 2350 pneumaticasque
620 2309 721 2348 (ed.):
761 2310 845 2341 ineu
873 2310 1045 2350 atticasq;
1075 2309 1151 2342 GH.
1185 2307 1198 2351 Η
1232 2311 1249 2340 7
1283 2309 1428 2349 dignum
1456 2308 1629 2339 studiosis

113 2366 180 2397 (r'H
204 2365 239 2406 (i.
267 2377 296 2399 e.
322 2366 506 2407 dignumst
531 2364 718 2396 studiosis:
747 2368 803 2397 est
827 2366 907 2396 add.
926 2365 1000 2397 vloe.
1025 2367 1087 2397 secl
1109 2371 1186 2406 post
1213 2364 1412 2402 studiosis).
1447 2362 1460 2406 Η
1492 2368 1511 2393 S
1538 2363 1627 2394 cles-

112 2434 192 2465 111113
220 2434 296 2466 GH.
329 2431 343 2476 Η
377 2435 417 2465 10
449 2422 674 2478 sedelectare
711 2433 754 2463 Ge
786 2432 891 2472 (cuins
922 2434 1096 2473 exemplar·
1120 2433 1233 2464 Ιιαόηἱι
1257 2421 1510 2476 seddelcctarc
1543 2435 1575 2461 nl
1607 2434 1627 2462 l.

111 2478 336 2521 se‘rleleetare
374 2489 448 2530 Le),
478 2486 493 2531 Η
535 2491 574 2520 12
613 2499 734 2520 susum
774 2489 840 2519 Gll
878 2487 940 2529 (A,
978 2489 1040 2519 sed
1075 2498 1214 2520 sursum
1254 2489 1317 2524 Lc,
1356 2497 1492 2518 rursum
1524 2487 1578 2526 lc).

112 2546 305 2577 reduceret
346 2545 455 2576 Man:
503 2545 696 2577 deduceret
744 2545 819 2577 [ΠΙ.
859 2542 872 2585 Η
913 2546 951 2575 14
992 2544 1140 2576 lineam:
1182 2544 1304 2585 lignea-1
1347 2549 1424 2575 autc
1462 2554 1552 2574 eor-r.
1594 2543 1628 2573 Il

112 2602 180 2643 (lc).
213 2600 228 2644 Η
269 2602 308 2632 16
340 2601 600 2633 demittendam
632 2602 670 2633 J!
707 2599 834 2641 (GcL):
876 2600 1127 2632 dimittendam
1162 2602 1188 2631 G
1221 2600 1291 2639 (lc).
1326 2598 1340 2641 Η
1382 2600 1421 2631 18
1459 2609 1628 2640 conpres-

112 2659 213 2690 sione
256 2659 297 2688 li:
339 2658 483 2689 confres
511 2658 611 2690 sione
653 2658 687 2688 ΙΙ
725 2656 943 2698 (ᾶ1“1·03510110
980 2658 1026 2695 L,
1066 2657 1297 2689 confessione
1334 2656 1388 2695 lv).
1430 2653 1444 2697 Η
1493 2657 1531 2686 19
1570 2666 1630 2686 ex-

112 2717 236 2745 truens
261 2715 302 2747 lc.
335 2711 349 2755 Η
382 2712 579 2746 offensione
605 2717 726 2746 tactus
758 2725 834 2755 ayo:
873 2713 1070 2745 offensione
1102 2715 1203 2744 tactu
1231 2712 1307 2745 (ill.
1346 2709 1360 2753 Η
1398 2713 1440 2741 21)
1472 2710 1629 2741 clcsbies

117 2771 154 2810 (i,
181 2769 339 2802 clesbius
365 2770 402 2800 Il
427 2768 531 2810 (Lle).
563 2768 578 2814 Η
608 2781 649 2802 cx
669 2773 767 2802 tactu
795 2771 865 2801 eth:
894 2772 1061 2800 extractu
1089 2769 1166 2800 Gll.
1193 2765 1208 2810 Η
1237 2770 1277 2799 21
1306 2767 1439 2808 spritus
1468 2767 1504 2797 (J.
1528 2764 1543 2808 Η
1567 2776 1626 2798 vo—

115 2835 263 2866 cesque:
289 2827 337 2857 sic
365 2826 446 2856 (ill.
480 2823 494 2868 Η
526 2828 568 2857 22
601 2826 759 2857 instituit
791 2827 827 2856 ΙΙ
858 2825 1016 2867 (Gelda->2
1050 2825 1219 2856 instruxit
1253 2825 1279 2852 (1'
1311 2823 1387 2863 (sed
1415 2834 1519 2863 snpra
1548 2823 1629 2852 (θεῖ

114 2881 153 2913 al
179 2880 365 2922 instituit).
388 2879 403 2923 Η
425 2883 466 2914 23
494 2885 906 2924 automatopoectasque
931 2882 1049 2914 Tarm:
1078 2883 1264 2913 automato
1287 2879 1442 2920 pictasq3
1471 2879 1507 2909 ll
1524 2877 1628 2920 (hle),

114 2941 298 2970 automato
323 2938 456 2980 pitasqt
487 2939 523 2973 G.

1654 624 1674 653 5

1655 962 1666 991 1
1675 962 1695 988 t)

1655 1977 1696 2005 '³5

108 1970 450 2026 comparationes
497 1968 718 2025 explicuit.
794 1969 1064 2025 primumque
1111 1969 1334 2009 constituit
1374 1982 1527 2008 cavum
1574 1982 1627 2006 ex
1655 1985 1683 2005 ·..
