1909 3322
171 234 251 274 100
816 236 1025 266 vimuvn

171 359 296 401 super
327 358 423 383 cum
453 340 667 397 apophysi
697 353 887 380 crassum
918 343 1124 393 quantum
1154 335 1360 392 plinthus.
1422 333 1597 391 capituli
1626 333 1685 374 al-

168 411 308 454 titudo
341 407 521 450 dimidia
553 405 865 448 crassitudinis.
927 405 1051 446 abaci
1081 403 1261 445 latitudo
1284 408 1445 458 quanta
1466 402 1551 442 ima
1573 415 1684 442 cras-

170 477 313 520 situdo
345 473 580 517 columnae.
650 473 912 531 capitulique
944 471 1185 513 crassitudo
1218 469 1440 510 dividatur
1469 469 1515 509 in
1544 474 1686 525 partes

169 552 277 598 tres,
319 559 340 584 e
373 542 526 599 quibus
558 557 642 583 una
672 540 861 598 plintho,
903 554 1011 596 quae
1043 545 1107 579 est
1137 552 1213 594 pro
1244 536 1401 589 abaco,
1445 535 1595 589 detur,
1626 534 1685 576 al-

124 623 143 652 5
168 620 260 654 tera
298 611 472 664 echino,
516 610 644 652 tertia
681 607 1005 665 hypotrachelio
1046 621 1141 646 cum
1172 604 1399 662 apophysi.
1460 618 1589 660 supra
1620 617 1687 644 co·
1713 611 1733 641 4

166 680 334 720 lumnas
371 678 515 719 trabes
554 675 828 733 compactiles
860 677 1122 731 inponantur
1152 672 1396 713 altitudinis
1435 670 1619 712 modulis
1651 670 1686 711 is

170 748 243 804 qui
263 762 288 788 a
308 745 608 801 magnitudine
630 745 770 800 operis
802 741 1147 799 postulabuntur.
1174 769 1177 771 -
1209 754 1368 795 eaeque
1398 738 1543 780 trabes
1575 752 1686 779 com-

169 813 349 872 pactiles
373 828 466 854 eam
485 812 672 853 habeant
695 809 1023 852 crassitudinem
1035 841 1045 861 ,
1079 813 1237 863 quanta
1257 820 1447 848 summae
1468 804 1688 846 columnae

171 883 251 923 erit
289 879 684 937 hypotrachelium,
731 885 772 919 et
811 878 871 918 ita
910 877 995 917 sint
1034 880 1281 931 compactae
1319 873 1607 915 subscudibus
1648 878 1688 913 et

104 958 145 987 10
171 948 390 990 securiclis
435 954 482 988 ut
525 952 801 1002 compactura
839 943 1021 985 duorum
1066 942 1301 997 digitorum
1345 940 1533 982 habeant
1570 939 1688 980 laxa-

170 1018 344 1058 tionem.
418 1030 512 1056 cum
545 1014 658 1054 enim
689 1014 801 1053 inter
832 1026 876 1052 se
907 1017 1090 1066 tangunt
1121 1016 1162 1050 et
1192 1024 1278 1050 non
1308 1009 1618 1064 spiramentum
1649 1014 1690 1049 et

171 1083 399 1141 perflatum
438 1083 557 1123 venti
594 1080 828 1136 recipiunt,
869 1077 1261 1120 concalefaciuntur
1298 1082 1339 1117 et
1378 1075 1577 1116 celeriter
1613 1090 1688 1131 pu-

170 1157 377 1192 trescunt.
445 1163 575 1205 supra
612 1147 757 1188 trabes
798 1153 840 1187 et
878 1160 1007 1202 supra
1045 1145 1231 1201 parietes
1263 1145 1520 1184 traiecturae
1550 1148 1689 1183 mutu-
1716 1152 1735 1182 5

171 1218 309 1260 lorum
347 1223 466 1273 parte
511 1227 583 1256 1111
623 1214 866 1255 altitudinis
907 1212 1127 1254 columnae
1173 1212 1459 1268 proiciantur,
1505 1211 1608 1251 item
1646 1210 1692 1249 in
1731 1203 1736 1207 ’

107 1294 147 1323 15
173 1300 317 1327 eorum
362 1283 577 1325 frontibus
623 1288 956 1337 antepagmenta
993 1280 1200 1335 figantur,
1241 1292 1454 1335 supraque
1493 1292 1542 1318 ea
1578 1284 1689 1332 tym-

172 1368 332 1409 panum
370 1351 537 1405 fastigii
575 1356 790 1390 structura
829 1363 904 1389 seu
942 1348 994 1388 de
1030 1348 1210 1388 materia
1241 1345 1510 1397 conlocetur,
1543 1358 1690 1400 supra-

175 1434 255 1476 que
286 1419 331 1460 id
363 1418 586 1473 fastigium
618 1415 834 1469 columen,
867 1414 1096 1467 cantherii,
1139 1413 1298 1470 templa
1328 1414 1389 1454 ita
1420 1418 1519 1454 sunt
1550 1410 1689 1454 conlo-

175 1487 311 1527 canda
341 1492 387 1526 ut
418 1484 687 1526 stillicidium
717 1484 822 1524 tecti
852 1481 1041 1524 absoluti
1071 1482 1261 1522 tertiario
1292 1480 1563 1536 respondeat.

287 1553 420 1593 Fiunt
440 1558 584 1593 autem
615 1551 742 1591 aedes
773 1550 1004 1602 rotundae,
1038 1563 1059 1589 e
1090 1549 1244 1605 quibus
1275 1547 1384 1589 aliae
1414 1553 1691 1602 monopteroe
1710 1555 1824 1597 (VIII)

106 1631 149 1660 ⁴20
175 1623 267 1662 sine
307 1619 413 1660 cella
451 1618 716 1661 columnatae
755 1619 1096 1670 constituuntur,
1127 1615 1237 1657 aliae
1268 1616 1511 1671 peripteroe
1542 1615 1690 1655 dicun—

174 1694 255 1728 tur.
317 1702 424 1743 quae
463 1688 554 1727 sine
593 1684 699 1726 cella
729 1685 858 1737 fiunt,
898 1683 1087 1725 tribunal
1116 1683 1279 1724 habent
1310 1689 1351 1723 et
1381 1696 1607 1723 ascensum
1637 1695 1691 1722 ex

176 1770 251 1796 sua
296 1756 505 1796 diametro
550 1754 701 1794 tertiae
746 1753 895 1809 partis.
971 1753 1147 1807 insuper
1192 1749 1430 1806 stylobatas
1471 1748 1692 1805 columnae

176 1822 494 1863 constituuntur
538 1828 625 1862 tam
663 1820 775 1861 altae
820 1826 977 1875 quanta
1014 1819 1069 1860 ab
1108 1818 1311 1859 extremis
1350 1816 1588 1873 parietibus
1628 1822 1692 1856 est

175 1889 407 1929 diametros
445 1887 777 1944 stylobatarum,
817 1902 983 1927 crassae
1021 1885 1262 1927 altitudinis
1302 1899 1403 1925 suae
1442 1898 1538 1924 cum
1578 1883 1690 1939 capi-

108 1964 150 1994 ·25
175 1955 277 1996 tulis
318 1962 359 1995 et
398 1955 524 2010 spiris
564 1954 768 1994 decumae
806 1955 955 2010 partis.
1027 1952 1276 2008 epistylium
1306 1951 1441 1992 altum
1473 1950 1693 1992 columnae

177 2021 477 2063 crassitudinis
517 2022 698 2061 dimidia
734 2027 869 2076 parte.
940 2020 1151 2075 zophorus
1192 2025 1233 2060 et
1277 2018 1443 2074 reliqua
1482 2032 1590 2073 quae
1626 2018 1690 2057 in·

270 2195 285 2224 1
314 2193 490 2234 apophysi
516 2192 564 2222 L:
603 2192 755 2233 apopysi
786 2192 826 2222 H
852 2190 923 2231 (Ie),
959 2191 1101 2232 apopisi
1129 2191 1166 2224 G.
1192 2188 1222 2232 -Η
1258 2191 1279 2221 4
1309 2192 1383 2221 tres
1414 2189 1455 2220 H
1483 2187 1592 2228 (Ηώς
1624 2188 1692 2219 ΙΙΙ.

182 2251 218 2283 [ι’.
255 2246 269 2291 Η
305 2259 368 2290 pro
400 2249 515 2280 abaco
548 2248 649 2279 Phia:
688 2247 844 2278 inabaco
879 2247 953 2278 GH.
997 2244 1011 2289 Η
1049 2248 1068 2277 5
1095 2246 1270 2288 apophysi
1302 2245 1342 2276 H
1376 2244 1458 2286 (Le,
1498 2244 1625 2286 —pysi
1654 2243 1691 2284 l),

181 2306 322 2347 apopisi
351 2305 388 2338 G.
419 2302 434 2347 Η
465 2303 651 2336 columnas
676 2313 737 2335 om.
766 2304 792 2336 G
820 2301 920 2343 (inter
945 2304 998 2334 ῖίη.
1025 2303 1104 2334 add.
1135 2302 1203 2343 GC).
1233 2299 1248 2343 Η
1285 2303 1304 2333 6
1330 2302 1551 2343 inponantur
1575 2304 1614 2331 ut
1639 2299 1691 2330 al-

180 2361 347 2392 titudinis
377 2360 445 2392 GH
467 2360 520 2400 (ut
552 2360 616 2392 del.
643 2359 745 2391 Lar..
778 2359 831 2390 uti
863 2359 936 2389 siut
962 2358 1024 2389 alt.
1050 2358 1151 2399 doen).
1179 2356 1193 2400 Η
1224 2359 1271 2389 is:
1306 2357 1361 2388 his
1390 2356 1464 2388 GH.
1494 2354 1509 2399 Η
1542 2357 1560 2387 ’7
1587 2356 1647 2397 qui
1672 2365 1692 2386 a

179 2418 271 2448 .loc.:
300 2426 370 2457 qua
398 2416 474 2448 GH.
504 2414 518 2457 Η
549 2414 829 2456 postulabuntur
853 2415 946 2446 .loe.:
974 2414 1151 2446 —bantur
1178 2414 1252 2447 GH.
1279 2410 1293 2455 Η
1314 2423 1357 2444 ea
1374 2423 1465 2454 eque
1488 2412 1524 2447 G,
1553 2421 1691 2453 eaeque

182 2473 219 2502 H
256 2472 413 2513 (haeque
446 2470 534 2511 Lle).
575 2467 590 2512 Η
634 2470 858 2511 conpactiles
899 2473 1079 2511 ponantur
1115 2472 1154 2501 ut
1192 2479 1271 2501 eam
1312 2468 1381 2500 GH
1415 2467 1691 2509 (diltoyraplziam

177 2530 360 2569 scriptoris
385 2529 430 2559 ad
452 2539 480 2558 v.
509 2529 528 2557 6
551 2526 764 2566 respicientis
789 2526 853 2556 rlel.
880 2526 1097 2566 Lorenlzen).
1130 2523 1145 2566 Η
1185 2526 1224 2557 10
1242 2523 1431 2556 securielis
1459 2524 1528 2555 GH
1555 2523 1612 2563 (L,
1639 2533 1691 2554 se-

181 2583 314 2615 ‹zuridis
345 2584 400 2623 Ic).
435 2580 450 2625 Η
488 2584 711 2623 compactura
818 2581 997 2614 habeant:
1034 2583 1083 2613 sic
1117 2581 1192 2612 GH.
1221 2578 1235 2623 Η
1264 2581 1303 2611 15
1335 2579 1515 2611 frontibus
1548 2579 1575 2610 G
1606 2578 1689 2619 (lz2):

181 2640 368 2680 prontibus
393 2639 434 2669 H
457 2637 558 2679 (Llc).
588 2635 602 2679 Η
628 2637 786 2678 figantur
813 2638 856 2668 G:
884 2637 1038 2669 ficantur
1062 2638 1102 2667 H
1125 2636 1225 2677 (Me).
1257 2634 1270 2677 Η
1300 2645 1343 2667 ea
1369 2634 1509 2677 (tymp.)
1535 2635 1630 2666 Joc.:
1656 2635 1693 2665 id

183 2695 257 2727 GH.
289 2694 304 2737 Η
332 2695 372 2726 16
397 2697 579 2726 structura
605 2702 668 2724 seu
694 2692 753 2724 de:
780 2693 829 2723 sie
857 2694 931 2724 GH.
965 2692 979 2735 Η
1016 2694 1055 2724 17
1082 2692 1116 2723 id
1144 2691 1256 2732 (fast.)
1290 2692 1382 2723 -loe.:
1418 2692 1479 2722 ens
1514 2690 1540 2721 G
1573 2689 1632 2729 (Gc
1657 2691 1689 2720 in

180 2760 283 2789 mara.
310 2750 323 2780 ῖ
350 2750 387 2781 al
413 2749 485 2790 esi),
513 2759 590 2781 eum
618 2748 768 2787 Halo).
798 2745 812 2788 ξ’
844 2750 883 2780 19
901 2751 1133 2790 monopteroe
1162 2747 1229 2778 GH
1253 2745 1287 2787 (1,
1308 2756 1412 2788 —roe
1430 2746 1471 2783 L,
1493 2756 1576 2777 —ro
1590 2745 1655 2786 elz).

181 2806 223 2835 2²0
248 2806 453 2846 peripteroe
482 2805 550 2837 GH
571 2805 607 2843 (l,
624 2814 731 2845 —roe
757 2803 796 2837 L.
824 2814 905 2834 —ro
933 2804 1121 2835 edicuntur
1145 2803 1210 2841 elz).
1233 2799 1246 2844 Η
1272 2803 1312 2833 ‘21
1330 2801 1484 2833 habent:
1510 2803 1559 2833 sic
1579 2801 1674 2833 GH.=

181 2860 222 2889 22
248 2869 313 2890 sua
338 2862 376 2890 ll
400 2860 507 2900 (ἠως
536 2870 599 2891 suo
628 2860 665 2892 G.
691 2856 706 2901 Η
737 2858 941 2899 stylobatas
966 2860 1070 2892 Plzz'l.:
1097 2861 1178 2889 —ta
1207 2858 1275 2889 GH
1296 2858 1392 2898 (—t‹2
1408 2855 1494 2896 Ide).
1522 2854 1537 2899 Η
1567 2857 1609 2887 ⁴25
1629 2857 1688 2888 de—

182 2923 304 2945 cumae
334 2916 367 2945 ΙΙ
394 2914 501 2955 (Ll1·):
530 2915 667 2956 decime
696 2915 732 2945 G.
760 2912 775 2954 Η
808 2916 849 2945 26
876 2915 1054 2955 zophorus
1079 2915 1169 2947 dom:
1197 2923 1317 2944 *rum
1346 2913 1421 2945 GH.
