1909 3322
242 210 268 250 [0

271 209 296 249 Ν.)

300 209 324 250 CD

899 216 1108 248 VITRUVII

357 321 482 361 Nunc
512 318 566 360 de
597 320 749 360 ceteris
782 319 997 362 sideribus
1038 334 1146 376 quae
1185 325 1285 361 sunt
1322 319 1478 360 dextra
1508 333 1558 359 ac
1588 319 1762 360 sinistra

245 403 396 430 zonam
437 386 657 441 signorum
704 387 945 428 meridiana
990 387 1403 444 septentrionalique
1447 392 1568 442 parte
1612 385 1763 427 mundi

177 466 224 497 VI
243 455 379 497 stellis
406 454 618 510 disposita
647 454 915 511 figurataque
946 455 1098 496 dicam.
1148 468 1333 510 namque
1355 454 1606 509 septentrio,
1639 468 1763 509 quem
1791 460 1868 501 (IV)

199 603 218 631 ι’,
245 589 480 631 custodem.
530 590 585 630 ab
618 604 665 631 eo
696 604 780 630 non
802 589 927 645 longe
950 589 1215 631 conformata
1237 595 1301 630 est
1322 589 1460 643 virgo,
1494 588 1614 629 cuius
1637 603 1765 643 supra

180 938 219 968 10

181 1275 220 1306 15

245 523 401 565 Graeci
421 522 644 563 nominant
666 537 831 576 αρκτον
852 522 945 563 sive
968 525 1131 576 ελικην,
1162 521 1292 562 habet
1314 526 1411 577 post
1432 535 1477 561 se
1499 519 1763 562 conlocatum

243 672 437 699 umerum
468 657 669 698 dextrum
701 657 969 698 lucidissima
1000 656 1125 698 stella
1154 656 1322 710 nititur,
1356 670 1482 711 quam
1509 656 1647 698 nostri
1668 670 1763 712 1110-

244 726 619 779 vindemiatorem,
653 724 811 767 Graeci
842 739 1159 779 προτρυγητην
1181 730 1351 770 vocant.
1403 722 1590 763 candens
1621 729 1764 763 autem

243 795 381 848 magis
405 794 525 849 spica
548 794 636 834 eius
664 800 741 834 est.
794 792 981 850 colorata
1010 792 1113 833 item
1144 790 1228 831 alia
1259 783 1409 832 contra
1439 797 1501 832 est
1532 789 1657 831 stella
1678 804 1763 830 me-

244 862 315 902 dia
346 875 580 916 genuorum
614 860 804 902 custodis
835 861 964 913 arcti,
998 860 1071 915 qui
1100 865 1295 900 arcturus
1328 858 1501 912 dicitur,
1535 865 1575 899 et
1607 864 1670 898 est
1700 857 1762 898 ibi

245 929 471 970 dedicatus
495 943 516 968 6
538 929 711 982 regione
734 928 888 983 capitis
912 928 1231 984 septentrionis.
1264 933 1535 967 transversus
1557 925 1612 966 ad
1633 925 1764 982 pedes

244 997 512 1051 geminorum
549 996 701 1050 auriga
740 1001 824 1036 stat
862 996 906 1035 in
945 1010 1108 1036 summo
1147 1009 1278 1036 cornu
1315 994 1428 1035 tauri
1439 1027 1449 1047 ,
1497 994 1685 1049 itemque
1722 993 1765 1032 in

245 1079 407 1105 summo
441 1078 572 1104 cornu
602 1062 725 1103 laevo
757 1063 870 1103 tauri
902 1068 942 1103 et
971 1063 1122 1117 auriga
1153 1062 1275 1118 pedis
1297 1062 1426 1102 imam
1447 1067 1565 1101 tenet
1585 1066 1764 1116 partein.

246 1130 395 1172 stellae
417 1129 547 1171 etiam
568 1129 842 1186 appellantur
863 1129 917 1170 ad
939 1131 1116 1185 aurigae
1137 1144 1288 1170 manus
1310 1128 1458 1182 haedi,
1492 1143 1620 1184 capra
1642 1127 1765 1169 laevo

245 1213 405 1239 umero.
453 1198 565 1238 tauri
597 1197 771 1253 quidem
804 1203 845 1238 et
874 1198 1023 1238 arietis
1055 1198 1231 1253 insuper
1251 1197 1435 1238 Perseus
1467 1196 1630 1237 habens
1662 1195 1765 1236 dex-

246 1265 476 1307 terioribus
509 1265 879 1306 subtercurrentes
918 1265 1057 1306 basim
1097 1264 1324 1319 vergilias,
1370 1279 1394 1304 a
1426 1263 1765 1305 sinisterioribus

246 1340 375 1389 caput
405 1334 568 1387 arietis,
602 1339 643 1374 et
674 1349 802 1374 manu
834 1334 990 1374 dextra
1028 1333 1216 1373 innitens
1250 1332 1484 1387 Cassiopae
1504 1324 1766 1384 simulam-(5

246 1401 370 1441 laeva
401 1416 531 1456 supra
561 1403 674 1442 tauri
705 1407 823 1443 tenet
853 1415 1131 1456 gorgoneum,
1164 1415 1376 1441 summum
1399 1405 1528 1455 eaput
1551 1398 1766 1440 subiciens

247 1467 551 1509 Andromedae
588 1468 787 1524 pedibus.
862 1470 965 1510 item
1012 1468 1151 1524 pisces
1200 1482 1328 1524 supra
1364 1466 1687 1507 Andromedam
1727 1472 1766 1505 et

249 1538 347 1592 equi
383 1543 535 1576 venter
578 1536 755 1592 alaeque
801 1551 909 1592 quae
953 1542 1051 1577 sunt
1097 1550 1226 1591 supra
1266 1535 1434 1590 spinam
1479 1535 1575 1590 equi
1587 1567 1597 1588 ,
1646 1534 1766 1574 euius

252 1604 415 1656 ventris
447 1603 716 1644 lucidissima
748 1603 872 1645 stella
903 1604 997 1644 finit
1020 1610 1215 1644 ventrem
1247 1603 1343 1658 equi
1377 1608 1418 1643 et
1449 1608 1577 1657 caput
1597 1600 1766 1641 Andro-

248 1672 411 1711 medae.
474 1686 625 1712 manus
657 1671 961 1713 Andromedae
1002 1672 1158 1712 dextra
1197 1684 1328 1726 supra
1367 1669 1600 1725 Cassiopae
1639 1669 1765 1709 simu-

247 1738 409 1780 lacrum
449 1746 512 1781 est
551 1741 806 1792 constituta,
846 1739 971 1780 laeva
1009 1738 1064 1780 ad
1105 1737 1392 1794 aquilonalem
1429 1738 1604 1793 piscem.
1666 1737 1767 1777 item

248 1899 462 1941 pvagando:
487 1901 535 1931 sic
563 1899 673 1933 ΕΘΗ.
707 1897 723 1942 Η
754 1901 775 1931 4
801 1903 940 1931 aretum
967 1900 1045 1931 sive
1071 1898 1212 1931 helicen
1239 1896 1378 1938 (-—eem
1404 1897 1452 1940 E)
1484 1898 1598 1929 EGH.
1629 1894 1644 1939 Η
1678 1899 1697 1929 5
1723 1896 1767 1927 ab

251 1967 291 1987 eo
320 1956 399 1989 EG:
428 1966 488 1987 om.
517 1956 554 1986 H
580 1954 685 1996 (Lle).
719 1953 734 1997 Η
766 1956 785 1986 6
812 1955 1179 1997 provindemiatorem
1205 1954 1378 1995 Scaliyer:
1404 1953 1634 1995 providentia
1659 1953 1770 1984 maio-

251 2023 304 2043 res
331 2011 444 2042 ΕΘΗ.
474 2008 488 2053 Η
521 2012 539 2042 7
564 2021 828 2053 προτρυγητην
847 2012 937 2043 Seal.
959 2010 1078 2051 (doe.):
1105 2010 1356 2052 propygethon
1378 2009 1453 2048 ΘΗ,
1475 2010 1669 2051 —pigeton
1689 2009 1731 2042 E.
1752 2005 1766 2050 l·

250 2069 270 2099 8
296 2068 399 2109 spica
426 2066 530 2098 Plzil.:
559 2067 700 2108 species
730 2067 840 2098 EGH.
875 2065 889 2109 Η
923 2067 1102 2098 colorata:
1133 2067 1182 2096 sie
1207 2065 1310 2097 ΕΘΗ
1337 2064 1532 2105 (collocata
1564 2065 1670 2104 Mar).
1703 2062 1717 2106 Η
1750 2067 1770 2096 9

251 2132 421 2164 genorum
448 2122 492 2153 E.
525 2121 539 2163 Η
573 2123 741 2154 custodes
768 2129 844 2154 {mle
870 2134 958 2155 corr.
984 2123 1030 2154 Η.
1055 2120 1069 2164 Η
1086 2122 1224 2153 ‘dicitur
1242 2149 1249 2156 ,
1270 2124 1325 2152 est
1350 2121 1402 2152 ibi
1419 2121 1526 2152 EGH
1548 2120 1600 2161 (et
1618 2124 1673 2152 est
1698 2131 1770 2162 690.

253 2180 346 2220 quod
374 2182 429 2209 est
454 2178 576 2220 Alam).
610 2176 625 2221 Η
659 2180 699 2210 10
725 2179 912 2210 dedicatus
939 2181 984 2209 Ic:
1012 2178 1194 2209 delicatus
1220 2177 1325 2209 ΕΘΗ
1340 2176 1413 2217 (L).
1447 2174 1461 2219 Η
1496 2178 1536 2208 12
1561 2176 1673 2218 pedes
1699 2187 1770 2207 una

251 2238 351 2266 tenet
382 2238 486 2275 parte
521 2234 663 2266 stellam
698 2234 812 2275 (.E(1')
845 2234 873 2266 ἃ
906 2235 955 2275 (et
983 2233 1023 2275 Θ)
1059 2234 1294 2276 appellantur
1326 2237 1478 2275 aurigae
1511 2243 1637 2264 manus
1669 2233 1771 2264 ΕΘΗ

253 2291 370 2332 (pedis
403 2291 474 2322 ima
508 2291 611 2327 Mar„
640 2291 747 2322 imam
774 2318 781 2324 .
801 2316 808 2324 .
830 2318 835 2323 .
862 2294 1001 2332 partem
1022 2314 1027 2320 .
1046 2290 1177 2322 stellae
1198 2290 1306 2321 etiam
1395 2289 1439 2320 ad
1465 2288 1552 2331 690).
1585 2287 1598 2331 Η
1633 2290 1673 2320 14
1690 2299 1771 2330 per-

255 2358 338 2379 seus
365 2346 631 2378 dexterioribus
657 2347 783 2378 subter
810 2357 957 2378 currens
983 2347 1107 2378 basem
1126 2346 1303 2387 vergilias
1322 2345 1561 2377 sinisterioris
1589 2345 1769 2385 (1151111516-

255 2404 358 2434 rioris
384 2402 434 2442 H)
469 2405 580 2444 caput
611 2402 714 2433 ΕΘΗ
748 2402 900 2443 (habens
933 2404 1013 2435 add.
1046 2404 1088 2434 al.
1124 2402 1232 2439 Mar„
1266 2404 1452 2433 currentes
1483 2412 1561 2443 690,
1594 2401 1711 2433 basim
1737 2405 1769 2431 ut

254 2460 345 2499 infra
366 2470 404 2500 p.
430 2460 510 2496 231,
540 2461 559 2489 9
584 2457 675 2500 ela).
701 2456 715 2500 Η
746 2460 786 2490 16
812 2459 972 2490 innitens
1000 2460 1035 2489 Il
1062 2458 1171 2498 (Lle):
1200 2458 1388 2489 inmittens
1416 2457 1490 2492 ΕΘ.
1517 2454 1532 2499 Η
1567 2457 1769 2498 eassiopiae

260 2515 358 2546 ΕΘΗ
385 2515 472 2555 (Llc,
491 2516 553 2546 secl
578 2514 758 2556 cassiepie
786 2516 812 2545 [c
829 2520 861 2546 et
878 2515 929 2546 llic
947 2520 979 2546 et
1004 2515 1096 2555 infra
1114 2516 1168 2548 21.
1188 2516 1265 2554 229,
1286 2517 1306 2545 5
1323 2518 1355 2545 et
1372 2515 1453 2551 230,
1474 2512 1540 2555 10).
1562 2511 1576 2556 Η
1604 2515 1642 2545 17
1661 2523 1770 2555 supra

255 2572 350 2602 tauri
377 2581 454 2611 ego:
483 2580 591 2612 supra
618 2571 745 2611 auriga
771 2569 912 2612 (——ga1n
941 2571 984 2611 Ε)
1013 2570 1123 2602 ΕΘΗ.
1157 2567 1171 2611 Η
1202 2572 1329 2601 tenent
1354 2570 1385 2601 E
1410 2574 1442 2600 et
1467 2574 1544 2600 ante
1569 2579 1658 2600 corr.
1687 2572 1723 2603 G.
1753 2568 1766 2603 '¹

255 2636 428 2658 summum
454 2637 530 2668 890:
558 2626 779 2658 adsummum
805 2627 917 2658 ΕΘΗ.
949 2625 963 2668 Η
993 2626 1177 2657 subiciens
1195 2626 1305 2659 Maru:
1332 2626 1588 2666 subiciensque
1612 2625 1724 2657 ΕΘΗ.
1753 2625 1766 2667 lg

259 2683 298 2713 18
323 2682 485 2724 pedibus.
523 2683 614 2713 Item
647 2683 785 2724 pisces:
824 2684 871 2714 sie
897 2682 1008 2714 ΕΘΗ.
1042 2680 1056 2724 Η
1094 2691 1201 2723 supra
1229 2682 1357 2723 auriga
1394 2682 1611 2713 andromeda-1
1638 2681 1665 2712 Θ
1691 2678 1769 2721 (non

261 2738 316 2777 Ε),
343 2740 405 2770 sed
429 2738 557 2779 auriga
583 2739 645 2769 del.
676 2738 730 2770 GC.
764 2734 778 2779 Η
820 2741 855 2768 et
887 2739 969 2779 equi
1000 2741 1128 2784 vente-r
1160 2737 1313 2778 alaeque
1347 2747 1439 2777 quae
1474 2738 1585 2769 Mar.:
1624 2739 1660 2768 et
1693 2736 1769 2768 eius

256 2794 394 2825 ventris
421 2796 457 2825 et
491 2796 645 2835 equique
678 2793 724 2834 (δι
752 2794 870 2835 equiq3
902 2795 953 2831 H,
986 2793 1014 2825 &
1046 2794 1128 2835 equi
1161 2804 1228 2836 que
1260 2793 1305 2830 E,
1341 2795 1377 2824 et
1403 2794 1524 2833 equiq²
1555 2793 1600 2831 Θ,
1632 2793 1695 2824 secl
1726 2793 1770 2823 6¹⁴³

258 2852 293 2879 et
319 2850 402 2890 equi
428 2849 505 2891 qui)
531 2850 644 2883 ΕΘΗ.
669 2847 683 2893 Η
706 2851 745 2882 21
767 2850 958 2891 cassiopae
979 2851 1013 2881 ll
1031 2848 1141 2890 (Llc):
1171 2849 1350 2891 cassiopie
1374 2848 1449 2880 ΕΘ.
1481 2846 1495 2892 Η
1527 2847 1660 2890 221e(‹2
1676 2847 1767 2883 EG)⁴

261 2915 304 2936 va
329 2906 573 2945 aquilonalem
599 2906 657 2947 (ad
683 2908 763 2939 add.
790 2904 908 2946 Μάνη).

1788 866 1807 896 10
