1909 3322
239 212 323 253 302
482 222 543 252 DE
574 222 786 254 DIVERSIS
818 221 1030 254 FAssmms
1062 223 1509 255 ARcfflTEcToNIcAE.

239 323 386 379 paleae
423 324 662 379 aequaliter
702 330 1100 379 supersternantur,
1148 331 1196 366 111
1233 325 1362 366 caleis
1402 340 1524 367 umor
1562 326 1617 366 ad
1648 341 1753 367 axes

239 392 466 447 pervenire
503 406 588 432 non
626 391 776 447 possit.
835 397 939 432 111110
974 392 1149 449 insuper
1189 393 1525 434 statuminentur
1562 408 1665 435 saxo
1701 408 1755 434 ne

239 459 395 499 minori
426 473 553 514 quam
584 458 699 514 quod
730 460 867 514 possit
897 474 1069 500 manum
1100 459 1293 515 implere.
1348 460 1654 501 statuminibus
1685 476 1754 502 ru-

241 526 331 566 deri
369 540 444 567 seu
481 540 593 567 novo
631 527 724 567 sive
761 526 961 568 redivivo
1000 527 1056 567 ad
1087 527 1193 567 duas
1225 533 1370 582 partes
1402 542 1487 568 una
1517 526 1645 569 caleis
1676 529 1754 569 mi-

239 600 423 634 sceatur.
473 592 607 633 rudus
640 600 703 634 est
733 595 914 635 maiores
945 593 1112 650 lapides
1145 594 1313 634 contusi
1343 609 1439 635 cum
1470 594 1585 636 calce
1613 596 1754 636 mixti.
1781 604 1801 636 5

237 661 419 716 inpensa
458 661 642 701 crassior
680 660 827 701 induci
864 661 1041 702 debebit
1071 675 1125 701 ne
1154 662 1295 703 minus
1327 663 1614 703 crassitudine
1644 663 1752 717 digi-

237 734 304 768 tos
337 740 396 768 VI.
465 734 617 768 exacto
661 729 908 784 pavimento
953 727 1008 768 ad
1057 727 1249 783 regulam
1300 735 1341 770 et
1384 728 1577 770 libellam
1628 744 1756 786 supra

238 795 417 850 inpensa
453 801 642 835 testacea
679 794 847 836 mollior
884 795 1115 836 inducatur
1146 802 1187 837 et
1217 797 1362 837 siccet.
1421 803 1512 837 tum
1542 803 1615 837 aut
1645 812 1754 837 mar—

238 877 331 903 mor
376 861 523 903 sectile
565 868 638 903 aut
679 869 867 903 tesserae
911 868 984 903 aut
1030 862 1197 904 scutula
1233 870 1307 904 aut
1343 865 1514 918 trigona
1551 871 1625 905 aut
1662 863 1754 905 favi

240 930 651 985 superinponantur,
693 936 733 970 et
771 944 906 985 usque
946 944 994 970 eo
1025 930 1204 971 fricetur
1240 937 1288 971 ut
1318 932 1542 973 iuncturae
1580 931 1651 972 vel
1681 947 1754 972 an·
1783 942 1822 973 10

237 996 328 1051 guli
359 998 473 1038 inter
503 1012 549 1037 se
580 997 858 1050 conveniant,
897 1003 1001 1038 tune
1032 998 1111 1038 erit
1141 998 1334 1053 perfecta
1363 998 1581 1040 fricatura.
1642 999 1756 1055 quod

240 1065 277 1105 si
314 1063 497 1105 facultas
534 1079 620 1105 non
652 1065 731 1104 erit
761 1063 876 1104 unde
907 1064 1245 1120 superfigantur,
1284 1079 1339 1106 ne
1370 1072 1443 1107 aut
1473 1065 1653 1107 lacunae
1682 1073 1756 1108 aut

239 1131 399 1172 cumuli
429 1132 536 1184 sint,
575 1132 631 1172 ad
662 1131 856 1186 regulam
887 1131 1094 1173 fricatura
1125 1132 1384 1174 extendatur
1415 1140 1455 1174 et
1486 1148 1615 1190 supra
1644 1148 1752 1174 mar-

238 1214 330 1240 mor
358 1205 533 1239 tunsum
563 1200 810 1240 incernatur
839 1206 913 1240 aut
951 1200 1110 1240 harena
1141 1215 1237 1241 cum
1268 1199 1384 1241 calce
1414 1200 1590 1242 inducta
1620 1200 1753 1257 polia-

236 1273 320 1307 tur.
362 1266 442 1307 sub
465 1265 567 1307 divo
589 1267 776 1307 maxime
798 1267 977 1308 Vitanda
999 1274 1098 1308 sunt
1117 1267 1239 1308 finita
1259 1269 1521 1323 pavimenta,
1551 1269 1752 1325 quoniam
1779 1279 1821 1311 15

238 1333 399 1388 frigore
431 1340 472 1374 et
501 1348 647 1374 umore
679 1348 806 1390 saepe
837 1340 1180 1391 corrumpuntur.
1240 1334 1314 1375 sed
1348 1335 1384 1376 si
1414 1336 1650 1377 necessitas
1680 1342 1755 1376 aut

238 1400 437 1442 voluntas
478 1402 620 1441 facere
657 1401 875 1455 hortatur,
912 1402 1022 1442 hane
1060 1403 1199 1457 operis
1231 1401 1513 1443 subtilitatem
1545 1402 1753 1444 servabis.

238 1469 392 1509 missas
415 1469 458 1508 in
490 1469 685 1509 ordinem
716 1468 885 1510 tabulas
909 1476 949 1510 et
970 1468 1077 1510 alias
1094 1470 1138 1509 in
1159 1476 1467 1523 transversum,
1492 1471 1602 1511 sicut
1625 1484 1754 1526 supra

237 1542 520 1576 monstratum
559 1543 643 1589 est,
682 1536 738 1576 ad
768 1537 1051 1591 tignationem
1083 1537 1270 1592 configes
1303 1544 1344 1578 et
1374 1537 1539 1593 paleam
1570 1544 1643 1578 aut
1673 1537 1752 1577 fili—

238 1618 330 1643 cem
362 1618 489 1659 super
524 1603 763 1659 aequaliter
799 1611 963 1644 sternes
995 1610 1036 1644 et
1066 1603 1267 1646 loricabis
1299 1604 1352 1645 de
1383 1619 1488 1646 saxo
1520 1605 1633 1660 quod
1664 1620 1751 1645 ma-
1778 1615 1821 1646 ΞΟ

237 1686 339 1711 1111111
370 1672 507 1726 possit
537 1670 727 1726 implere.
781 1686 909 1726 super
938 1671 1070 1712 rudus
1093 1671 1334 1727 pedaneum
1355 1671 1534 1713 induces
1557 1678 1597 1713 et
1619 1673 1752 1714 vecti-

238 1739 317 1779 bus
349 1737 505 1793 ligneis
538 1738 784 1793 frequenter
812 1738 1028 1792 densabis,
1063 1746 1104 1780 et
1125 1746 1355 1795 antequam
1376 1739 1508 1781 rudus
1531 1741 1751 1794 siceescat,

236 1805 403 1861 tegulas
442 1805 671 1861 quadratas
708 1805 954 1861 bipedales,
996 1821 1103 1862 quae
1142 1822 1216 1863 per
1254 1809 1396 1849 omnia
1432 1806 1566 1848 latera
1597 1806 1751 1847 canali-

239 1872 353 1914 culos
386 1873 546 1914 habent
577 1872 793 1926 digitales,
827 1873 942 1914 calce
964 1875 1066 1914 viva
1088 1888 1140 1914 ex
1164 1874 1255 1915 oleo
1276 1880 1516 1930 temperata
1536 1874 1751 1916 frontibus

236 1939 479 1995 tegularum
510 1955 593 1996 qua
625 1940 851 1981 canaliculi
883 1947 1007 1981 erunt
1037 1940 1238 1997 implebis
1271 1948 1311 1983 et
1343 1943 1405 1982 sie
1434 1943 1601 1982 iunctas
1624 1956 1752 1997 supra
1776 1951 1819 1982 25

236 2007 368 2048 rudus
392 2022 633 2062 compones,
651 2014 698 2048 111
713 2009 928 2062 margines
945 2008 1186 2063 tegularum
1204 2024 1297 2049 cum
1314 2009 1429 2050 calce
1447 2009 1752 2064 comprehendi

237 2075 417 2130 possint.
479 2089 586 2129 quae
624 2089 692 2115 res
724 2089 819 2116 cum
859 2076 1087 2117 siccaverit
1126 2077 1249 2131 quasi
1286 2091 1418 2117 unum
1455 2091 1607 2132 corpus
1646 2077 1751 2117 facit

330 2213 343 2241 l
373 2211 503 2253 paleae
530 2210 589 2252 (ef.
604 2211 722 2251 Pan.):
749 2213 797 2243 sic
821 2223 894 2253 vpgy.
918 2209 934 2254 Η
956 2215 1278 2254 supersternantur
1294 2225 1345 2254 vl),
1372 2216 1558 2245 —sternat
1583 2212 1644 2254 (acl
1659 2218 1748 2248 extr.

237 2278 340 2308 mary.
356 2269 415 2301 inc.
433 2267 651 2308 excecle7zs)9
670 2266 765 2307 (fort.
781 2269 896 2308 fuerat
914 2267 1151 2309 -sternat2).
1169 2267 1183 2311 Η
1207 2271 1226 2301 3
1244 2270 1372 2301 minori
1388 2281 1463 2311 vpy.
1488 2267 1503 2312 Η
1527 2270 1618 2311 quod
1636 2270 1749 2302 Mar-1

238 2325 299 2364 qui
324 2335 388 2365 vpgy
421 2323 470 2363 (ut
499 2324 609 2356 Vim!
640 2323 717 2354 icem
741 2325 834 2363 infra
858 2336 886 2357 v.
913 2322 984 2365 20).
1017 2322 1030 2365 Η
1062 2335 1205 2356 manum
1238 2324 1378 2366 (Vitr.):
1416 2335 1524 2357 manu
1555 2337 1612 2367 vp,
1644 2336 1704 2357 om.
1728 2336 1750 2366 9

240 2379 317 2421 (qui
342 2380 457 2422 possit
481 2378 656 2421 implere).
688 2376 702 2421 Η
733 2381 754 2410 4
779 2382 809 2410 si
834 2390 918 2411 vere
945 2380 1062 2412 divino
1089 2380 1163 2420 (sie)
1189 2392 1218 2414 v.
1249 2377 1265 2422 Η
1296 2382 1316 2412 5
1343 2382 1495 2412 eumtusi
1518 2392 1549 2422 {J-
1571 2379 1585 2423 Η
1608 2382 1627 2412 6
1652 2381 1751 2412 debit

238 2471 267 2490 v.
301 2457 315 2500 Η
347 2459 367 2489 8
392 2459 550 2490 testacia
577 2456 624 2498 (—
636 2458 688 2488 tia
712 2456 746 2498 9)
774 2469 847 2499 vpgs.
881 2456 895 2500 Η
933 2439 962 2489 ἒς
989 2458 1023 2498 (ἰ.
1049 2469 1076 2492 e.
1104 2458 1157 2498 ut)
1181 2465 1230 2500 9⁶.
1263 2456 1279 2500 Η
1316 2460 1335 2490 9
1360 2459 1454 2490 favi:
1486 2459 1539 2490 fa‘i
1563 2469 1627 2500 vpy
1659 2459 1748 2499 (tum

240 2517 302 2545 aut
333 2515 384 2546 fai
416 2525 482 2555 sup
514 2511 708 2556 inponant‘³
737 2525 771 2551 v,
804 2525 861 2545 om.
895 2524 1105 2546 marmor—
1127 2513 1216 2555 aut).
1253 2511 1268 2556 Η
1310 2516 1349 2545 12
1381 2514 1663 2556 superfigantur:
1700 2516 1750 2546 sic

238 2583 301 2612 vpss
328 2571 387 2611 (cf.
420 2571 534 2613 Pam).
568 2568 582 2612 Η
614 2569 734 2610 11101110
759 2580 791 2610 9.
820 2568 834 2611 Η
868 2572 907 2601 15
932 2569 1086 2602 vitanda
1118 2573 1202 2601 sunt
1221 2597 1227 2604 .
1246 2570 1404 2602 FINIT.
1428 2570 1432 2610 Ι
1454 2571 1484 2601 Α
1514 2572 1677 2612 paviffita
1703 2581 1746 2611 p:

239 2627 391 2658 vitanda
416 2632 509 2659 sunt.
604 2627 819 2658 Pavimento
848 2626 922 2666 (sie)
947 2638 980 2667 fl,
1014 2627 1167 2657 vitanda
1197 2629 1281 2658 sunt
1311 2627 1521 2667 pavimenta
1545 2638 1563 2658 υ
1585 2624 1599 2668 Η
1629 2627 1669 2657 18
1694 2627 1747 2657 in-

240 2685 408 2715 traversfi
436 2695 469 2725 5).
497 2681 512 2725 Η
550 2685 592 2714 20
623 2686 762 2713 sternes
795 2683 866 2714 ech:
905 2686 1071 2714 sternens
1101 2692 1176 2723 vpy.
1210 2679 1224 2724 Η
1254 2681 1428 2713 lorieabis
1458 2684 1529 2714 effi:
1568 2681 1746 2713 ludicabis

240 2750 314 2780 vpgs.
349 2737 363 2781 Η
397 2740 556 2770 dexsaxo
589 2743 666 2770 (mle
697 2748 765 2771 ras,
791 2749 822 2778 9.
855 2736 868 2779 Η
901 2738 994 2779 quod
1019 2739 1089 2771 effi:
1123 2738 1183 2778 qui
1207 2749 1270 2779 zvpy
1296 2736 1354 2777 (ef.
1379 2749 1406 2769 v.
1435 2738 1482 2777 3).
1516 2736 1530 2779 Η
1561 2739 1603 2768 ‘22
1628 2737 1747 2768 siccas

241 2795 447 2836 cattegulas
471 2806 493 2835 p
519 2800 551 2826 et
581 2800 658 2825 ante
690 2804 778 2830 eor-r,
802 2805 834 2833 gy.
865 2791 879 2835 Η
913 2796 955 2824 24
982 2793 1161 2825 frontibus
1192 2803 1268 2835 ngo:
1302 2794 1431 2825 frontis
1462 2804 1520 2834 vp,
1548 2795 1645 2824 rwtes
1668 2804 1700 2833 gy.
1729 2791 1745 2834 Η

239 2852 281 2881 26
307 2851 413 2882 rudus
438 2862 470 2882 v:
500 2851 586 2882 rudi]
612 2862 645 2892 p,
672 2848 733 2881 rud
760 2860 791 2889 (J.
815 2848 829 2891 Η
853 2850 1107 2891 comprehendi
1132 2860 1209 2890 eqo:
1243 2849 1546 2890 comprehendere
1570 2860 1645 2889 vpy.
1668 2846 1682 2891 Η
1705 2850 1746 2881 27

242 2907 346 2937 facit:
373 2910 421 2937 xi(-
446 2918 518 2948 ''Pss-
