1909 3322
168 628 187 658 0'1

154 1309 194 1339 15

214 240 293 280 163
862 237 1072 268 rrrnuvu

211 350 411 392 materies
432 349 695 401 temperetur
715 342 779 383 uti
800 355 895 381 cum
918 338 1144 394 subigatur
1164 352 1250 378 non
1269 336 1444 377 haereat
1464 335 1520 375 ad
1549 340 1729 387 rutrum,

212 417 289 459 sed
326 429 479 472 purum
520 412 681 453 ferrum
720 424 741 450 e
779 407 982 449 mortario
1019 405 1241 447 liberetur.
1300 402 1455 458 grandi
1483 401 1659 443 inducto
1691 407 1732 443 et

212 487 502 534 inarescente,
548 478 731 520 alterum
776 476 939 520 corium
983 473 1200 515 mediocre
1242 471 1470 526 dirigatur.
1544 469 1591 510 id
1638 484 1732 510 cum

213 552 438 593 subactum
475 548 605 589 fuerit
644 551 686 587 et
716 545 826 586 bene
856 541 1078 595 fricatum,
1126 538 1327 581 subtilius
1359 537 1600 578 inducatur.
1672 537 1735 577 ita

213 634 309 660 cum
340 616 477 658 tribus
510 614 636 656 coriis
668 612 855 654 harenae
885 616 927 651 et
957 610 1061 649 item
1091 607 1315 649 marmoris
1347 604 1520 646 solidati
1549 604 1734 661 parietes

213 687 394 739 fuerint,
432 697 570 739 neque
609 682 739 722 rimas
778 692 917 734 neque
955 675 1074 718 aliud
1104 675 1259 716 vitium
1289 674 1335 714 in
1365 688 1410 714 se
1440 672 1631 729 recipere
1661 687 1734 728 po-

215 759 373 795 terunt.
448 750 524 793 sed
570 755 611 790 et
654 747 904 790 baculorum
949 742 1276 785 subactionibus
1307 740 1488 782 fundata
1519 739 1737 782 soliditate

215 820 525 875 marmorisque
548 817 731 857 candore
762 814 884 855 firmo
915 811 1119 866 levigata,
1153 808 1370 851 coloribus
1403 823 1498 849 cum
1519 807 1736 863 politioni-

216 890 297 931 bus
335 887 525 928 inductis
563 884 724 926 nitidos
765 881 1008 937 expriment
1045 878 1312 935 splendores.
1379 875 1541 918 colores
1578 880 1736 928 autem,

215 956 301 998 udo
331 954 511 996 tectorio
543 966 639 993 cum
671 949 903 1004 diligenter
933 952 1032 988 sunt
1061 945 1243 999 inducti,
1274 945 1371 986 ideo
1401 958 1487 985 non
1515 943 1740 984 remittunt

219 1024 299 1065 sed
331 1029 429 1064 sunt
459 1026 665 1078 perpetuo
696 1021 1009 1074 permanentes,
1042 1013 1155 1070 quod
1187 1012 1280 1053 calx
1313 1013 1359 1054 in
1388 1011 1634 1054 fornacibus
1666 1025 1738 1051 ex-

221 1098 339 1132 cocto
361 1090 527 1145 liquore
558 1087 672 1127 facta
701 1083 953 1126 raritatibus
986 1081 1182 1135 evanida,
1215 1081 1442 1122 ieiunitate
1473 1085 1620 1121 coacta
1650 1093 1738 1120 cor-

218 1159 322 1214 ripit
362 1158 406 1198 in
452 1171 497 1197 se
535 1150 644 1210 quae
680 1167 748 1194 res
786 1151 897 1193 forte
935 1149 1231 1204 contigerunt,
1276 1147 1648 1202 mixtionibusque
1687 1160 1741 1187 ex

221 1226 316 1266 aliis
354 1222 642 1281 potestatibus
683 1219 864 1261 conlatis
897 1216 1133 1259 seminibus
1166 1230 1241 1256 seu
1270 1215 1497 1271 principiis
1527 1229 1613 1255 una
1643 1213 1740 1255 soli-

219 1291 448 1341 descendo,
481 1291 524 1330 in
548 1288 892 1345 quibuscumque
913 1285 1119 1326 membris
1143 1289 1207 1324 est
1232 1282 1415 1325 formata
1436 1297 1532 1323 cum
1553 1281 1601 1323 fit
1621 1281 1743 1323 arida

220 1359 432 1414 redigitur
460 1358 525 1398 uti
557 1357 623 1397 sui
653 1355 823 1410 generis
855 1354 1049 1410 proprias
1081 1351 1284 1392 videatur
1312 1350 1469 1392 habere
1501 1349 1742 1407 qualitates.

222 1430 367 1483 itaque
389 1424 567 1466 tectoria
590 1437 698 1479 quae
720 1427 834 1462 recte
867 1427 966 1462 sunt
997 1420 1113 1461 facta
1142 1433 1281 1475 neque
1312 1418 1605 1461 vetustatibus
1636 1417 1743 1459 fiunt

221 1494 419 1547 horrida,
466 1505 606 1547 neque
646 1505 742 1530 cum
783 1494 1063 1543 extergentur
1100 1488 1329 1528 remittunt
1368 1485 1551 1540 colores,
1589 1485 1676 1526 nisi
1707 1485 1743 1525 si

224 1575 373 1619 parum
416 1559 647 1613 diligenter
685 1563 726 1598 et
764 1558 809 1597 in
839 1555 958 1597 arido
990 1555 1151 1596 suerint
1182 1554 1363 1595 inducti.
1425 1568 1521 1594 cum
1552 1567 1653 1607 ergo
1675 1553 1744 1616 ‘ita

225 1632 269 1670 in
301 1627 537 1684 parietibus
570 1625 749 1666 tectoria
779 1624 894 1664 facta
925 1623 1087 1663 fuerint
1116 1623 1181 1663 uti
1213 1636 1341 1678 supra
1362 1621 1569 1676 scriptum
1592 1627 1670 1674 est,
1703 1626 1745 1661 et

225 1696 472 1737 firmitatem
495 1699 536 1734 et
557 1691 829 1749 splendorem
861 1697 901 1732 et
931 1690 986 1731 ad
1017 1695 1277 1731 vetustatem
1308 1694 1629 1745 permanentem
1659 1688 1744 1728 vir-

229 1770 361 1804 tutem
400 1766 602 1817 poterunt
639 1759 812 1800 habere.
873 1773 969 1799 cum
999 1772 1102 1799 vero
1133 1772 1265 1798 unum
1297 1757 1459 1798 corium
1488 1755 1673 1796 harenae
1705 1761 1746 1796 et

226 1845 357 1872 unum
395 1828 552 1869 minuti
589 1828 812 1868 marmoris
852 1826 932 1867 erit
969 1824 1217 1879 inductum,
1258 1825 1444 1866 tenuitas
1484 1823 1573 1864 eius
1603 1824 1745 1864 minus

228 1896 414 1938 valendo
452 1894 639 1935 faciliter
676 1894 890 1949 rumpitur
926 1908 1005 1934 nec
1036 1892 1306 1949 splendorem
1338 1891 1618 1947 politionibus
1650 1905 1745 1947 pro-

162 1988 169 1996 -
228 1971 324 2021 pter
354 1961 682 2004 inbecillitatem
714 1962 1015 2002 crassitudinis
1047 1961 1268 2017 proprium
1307 1959 1533 2001 obtinebit.
1601 1973 1744 2015 quem-

230 2030 462 2072 admodum
503 2029 615 2068 enim
653 2027 874 2084 speculum
918 2034 1170 2082 argenteum
1208 2028 1327 2068 tenui
1365 2025 1532 2066 lamella
1570 2026 1747 2067 ductum

230 2100 414 2139 incertas
447 2103 487 2136 et
526 2096 618 2136 sine
649 2095 815 2135 viribus
857 2094 988 2136 habet
1024 2095 1298 2136 remissiones
1331 2093 1594 2150 splendoris,
1634 2094 1748 2149 quod

231 2172 374 2207 autem
412 2178 434 2203 e
472 2162 610 2203 solida
647 2168 935 2218 temperatura
973 2161 1104 2203 fuerit
1141 2162 1324 2215 factum,
1365 2163 1578 2217 recipiens
1618 2162 1663 2202 in
1703 2177 1748 2202 se

232 2233 365 2274 firmis
397 2231 564 2271 viribus
596 2229 847 2286 politionem
878 2229 1093 2283 fulgentes
1124 2231 1169 2271 in
1189 2236 1365 2286 aspectu
1396 2235 1618 2285 certasque
1650 2244 1746 2271 con-

326 2428 342 2457 1
369 2425 586 2465 subigatur-:⁴
612 2425 660 2454 sie
694 2423 769 2455 GII.
801 2420 817 2465 ss
853 2424 872 2454 2
899 2422 1046 2464 grandi:
1071 2424 1119 2454 sic
1154 2423 1230 2455 GH.
1263 2420 1278 2464 ΙΙ
1308 2424 1329 2454 4
1354 2422 1535 2454 indicatur
1559 2427 1637 2455 ante
1654 2434 1746 2455 corr.

238 2482 276 2514 G.
301 2479 315 2523 ΙΙ
340 2482 358 2512 7
376 2480 587 2512 baculorum
605 2480 658 2512 lzc:
684 2478 897 2510 liaculorum
921 2480 989 2510 GH
1005 2478 1082 2518 (Llc
1098 2483 1130 2510 et
1159 2483 1235 2510 ante
1258 2489 1347 2510 corr.
1366 2477 1413 2519 h).
1442 2476 1457 2520 ΙΙ
1489 2479 1641 2510 fundata
1667 2479 1751 2510 soli-

238 2538 371 2568 ditate:
411 2537 459 2567 sic
494 2536 559 2567 GH
592 2535 639 2575 (ut
664 2547 693 2568 v.
720 2537 741 2566 3
766 2546 800 2576 p.
826 2533 924 2576 seq).
956 2533 970 2577 Η
1001 2536 1021 2566 8
1053 2534 1210 2566 candore
1242 2535 1315 2565 ed.:
1354 2534 1547 2565 candorem
1580 2533 1676 2575 (—re
1708 2535 1749 2575 G)

240 2594 317 2626 all.
351 2590 366 2634 Η
397 2592 513 2625 firmo:
545 2593 593 2623 sic
620 2591 696 2625 GH,
726 2588 740 2632 Η
768 2590 932 2631 levigata
950 2601 1027 2632 ego:
1055 2590 1240 2632 levigatae
1267 2588 1363 2629 (—te
1388 2590 1439 2630 H)
1468 2590 1544 2622 GH.
1576 2588 1591 2632 ΙΙ
1623 2592 1642 2622 9
1667 2590 1750 2620 niti-

239 2649 303 2679 ‹lus
329 2649 376 2679 ll.
415 2647 430 2690 Η
469 2649 509 2679 10
540 2647 609 2678 udo
639 2648 732 2679 ‹loaz
769 2646 862 2678 nudo
896 2647 1033 2678 GH.=
1052 2648 1091 2677 12
1116 2646 1332 2677 raritatibus
1364 2645 1521 2678 evanida
1552 2650 1629 2676 ante
1659 2656 1747 2677 corr.

242 2705 284 2735 G:
324 2704 538 2735 raritatibus
565 2707 600 2735 et
627 2702 782 2735 evanida
808 2703 844 2733 H
869 2701 1022 2745 (GcLle).
1052 2700 1066 2744 [Ι
1100 2704 1140 2734 13
1165 2702 1259 2733 forte
1287 2700 1403 2743 (porte
1432 2701 1473 2742 G)
1501 2701 1747 2742 contigerunt:

238 2761 286 2791 sic·
313 2760 388 2792 GH.
421 2758 435 2802 [l
469 2761 509 2792 15
534 2759 589 2791 fit:
614 2761 663 2791 sic
690 2759 765 2792 GH.
797 2756 811 2800 Η
845 2760 884 2790 16
909 2759 1079 2791 videatur
1102 2759 1192 2790 loa:
1225 2757 1368 2789 videtur
1395 2758 1471 2789 GH.
1496 2755 1510 2798 ΙΙ
1544 2757 1583 2788 19
1608 2756 1749 2788 inducti

239 2817 331 2847 .l0c.:
369 2816 518 2847 inducta
546 2816 623 2849 GH.
654 2812 670 2857 H
700 2815 752 2846 ita
775 2814 866 2848 Joc.:
906 2816 993 2856 itaq3
1022 2816 1090 2847 GH
1123 2814 1184 2854 (le,
1216 2824 1278 2846 om.
1304 2812 1361 2855 L).
1399 2810 1413 2855 {J
1451 2814 1492 2844 27
1527 2813 1688 2845 incertas
1714 2816 1750 2845 et

245 2872 287 2901 G:
321 2872 564 2903 i11certa.sed
594 2872 633 2903 H
663 2869 754 2912 (Lle)
790 2868 854 2912 [f].
893 2868 908 2912 Η
946 2871 1177 2903 remissiones
1208 2869 1410 2911 splendoris
1444 2869 1487 2900 G:
1528 2869 1749 2901 remissiores

244 2926 453 2967 splendores
480 2928 515 2958 Il
541 2926 613 2969 (LI,
641 2927 745 2959 remis
772 2927 982 2968 splendores
1007 2927 1071 2967 elz).
