1909 3322
268 242 322 282 48
918 245 1127 277 vrrRUVH

270 355 479 395 coriorum
518 350 777 404 diriguntur.
845 363 893 389 ea
930 354 1111 404 utraque
1149 354 1249 389 sunt
1285 348 1383 390 ideo
1421 347 1564 402 firma,
1603 348 1789 404 primum

270 421 383 476 quod
414 420 508 475 ipsa
540 424 759 458 caementa
797 423 896 457 sunt
934 417 1074 472 spissa
1105 423 1146 457 et
1177 415 1316 457 solida
1346 416 1611 471 proprietate
1648 430 1787 471 neque

269 489 322 528 de
350 486 530 527 materia
560 491 740 541 possunt
781 499 992 539 exsugere
1030 483 1241 540 liquorem
1281 482 1357 524 sed
1397 488 1656 523 conservant
1696 497 1789 523 eam

267 557 310 595 in
342 569 417 595 suo
447 568 594 594 umore
624 552 680 593 ad
712 566 920 594 summam
951 558 1226 604 vetustatem,
1260 552 1439 606 ipsaque
1464 565 1609 591 eorum
1631 549 1790 591 cubilia

199 633 241 675 *5
266 622 450 678 primum
480 620 609 677 plana
640 627 681 661 et
710 619 868 661 librata
897 620 1037 675 posita
1057 634 1143 661 non
1163 619 1387 675 patiuntur
1406 632 1531 658 ruere
1551 618 1789 670 materiam,

268 690 344 730 sed
390 695 597 746 perpetua
641 689 852 744 parietum
906 687 1192 728 crassitudine
1240 685 1423 741 religata
1469 686 1692 727 continent
1735 685 1790 726 ad

268 771 478 797 summam
508 763 782 797 vetustatem.
843 754 979 795 altera
1009 762 1074 795 est
1111 769 1239 810 quam
1279 756 1526 808 εμπλεκτον
1555 752 1789 810 appellant,
1817 770 1834 799 7

268 839 352 880 qua
383 825 511 865 etiam
541 825 679 866 nostri
706 823 857 864 rustici
895 828 1088 864 utuntur.
1150 836 1330 877 quorum
1360 821 1523 863 frontes
1555 820 1789 877 poliuntur,

265 891 432 948 reliqua
462 892 522 932 ita
551 893 615 932 uti
648 897 747 933 sunt
776 897 877 932 nata
916 905 1012 931 cum
1050 890 1229 930 materia
1268 888 1490 931 conlocata
1520 888 1698 930 alternis
1729 887 1788 928 al-

202 946 246 1002 id
268 959 405 1014 ligant
444 960 725 1014 coagmentis.
794 957 870 999 sed
915 958 1052 999 nostri
1098 956 1307 998 celeritati
1355 956 1601 1010 studentes,
1648 962 1790 996 erecta

269 1026 540 1068 conlocantes
578 1025 794 1067 frontibus
834 1026 1030 1066 serviunt
1069 1031 1110 1066 et
1148 1026 1193 1065 in
1231 1024 1374 1065 medio
1413 1023 1601 1065 farciunt
1639 1023 1789 1065 fractis

269 1095 500 1151 separatim
532 1109 627 1134 cum
657 1094 837 1134 materia
868 1093 1114 1134 caementis.
1174 1093 1235 1133 ita
1265 1099 1353 1133 tres
1385 1093 1649 1133 suscitantur
1671 1092 1717 1132 in
1742 1105 1791 1132 ea

269 1168 482 1203 structura
526 1168 716 1214 crustae,
768 1161 878 1201 duae
921 1150 1130 1203 frontium
1184 1167 1225 1201 et
1268 1175 1354 1200 una
1398 1159 1542 1200 media
1586 1158 1788 1200 farturae.

270 1228 427 1270 Graeci
466 1243 568 1269 vero
605 1244 690 1270 non
728 1229 811 1281 ita,
852 1227 928 1269 sed
959 1228 1088 1284 plana
1118 1228 1392 1269 conlocantes
1425 1234 1465 1268 et
1496 1226 1790 1282 longitudines

224 1311 243 1340 5
269 1312 414 1338 eorum
443 1295 620 1337 alternis
651 1298 696 1337 in
728 1296 1061 1337 crassitudinem
1093 1297 1377 1349 instruentes,
1416 1310 1502 1336 non
1533 1294 1674 1335 media
1704 1295 1788 1336 far-

270 1365 387 1405 ciunt
418 1363 494 1405 sed
526 1378 547 1403 e
579 1365 665 1404 suis
697 1363 913 1404 frontibus
945 1370 1196 1420 perpetuam
1229 1370 1269 1404 et
1298 1377 1428 1404 unam
1459 1363 1791 1404 crassitudinem

269 1433 481 1487 parietum
513 1430 795 1472 consolidant.
854 1438 1075 1487 praeterea
1105 1432 1384 1487 interponunt
1414 1430 1605 1485 singulos
1637 1431 1790 1471 crassi-

270 1499 420 1540 tudine
451 1506 658 1555 perpetua
688 1506 869 1555 utraque
900 1505 1020 1555 parte
1050 1498 1282 1551 frontatos,
1317 1513 1420 1554 quos
1453 1498 1687 1546 ὃιατονους
1716 1513 1790 1554 ap-

271 1565 452 1623 pellant,
502 1567 575 1622 qui
613 1567 801 1607 maxime
838 1565 1063 1620 religando
1101 1566 1356 1608 confirmant
1393 1565 1605 1621 parietum
1643 1565 1789 1607 solidi-

203 1648 246 1678 20
270 1641 415 1675 tatem.
482 1635 627 1689 itaque
666 1635 702 1674 si
741 1635 814 1689 qui
851 1633 1036 1675 voluerit
1085 1648 1140 1674 ex
1183 1633 1250 1674 his
1296 1635 1615 1674 commentariis
1653 1634 1787 1674 anim·
1815 1645 1835 1676 8

270 1702 497 1743 advertere
536 1708 576 1742 et
615 1701 774 1756 eligere
812 1716 947 1756 genus
987 1708 1249 1754 structurae,
1294 1701 1595 1757 perpetuitatis
1633 1702 1791 1757 poterit

270 1770 480 1810 rationem
523 1769 694 1810 habere.
755 1784 841 1810 non
883 1770 996 1809 enim
1044 1783 1153 1824 quae
1198 1775 1296 1809 sunt
1342 1783 1364 1808 e
1409 1767 1527 1809 molli
1573 1775 1792 1809 caemento

270 1836 420 1877 subtili
458 1837 569 1877 facie
608 1838 870 1890 venustatis,
909 1851 994 1878 non
1034 1851 1108 1877 eae
1148 1843 1328 1892 possunt
1365 1850 1459 1876 esse
1499 1837 1544 1876 in
1575 1842 1791 1877 vetustate

269 1919 355 1944 non
385 1905 597 1945 ruinosae.
658 1905 803 1959 itaque
835 1919 929 1944 cuin
961 1904 1114 1945 arbitri
1153 1904 1440 1945 communium
1479 1904 1691 1959 parietum
1722 1918 1789 1944 su—

203 1986 246 2015 25
271 1978 457 2025 muntur,
489 1987 575 2012 non
604 1973 834 2012 aestimant
866 1986 936 2012 cos
970 1972 1118 2027 quanti
1149 1971 1255 2012 facti
1284 1971 1468 2024 fuerint,
1501 1971 1577 2011 sed
1609 1985 1705 2011 cum
1736 1985 1791 2011 ex

269 2037 427 2079 tabulis
459 2039 688 2079 inveniunt
719 2054 863 2080 eorum
904 2039 1127 2080 locationis
1159 2039 1318 2095 pretia,
1357 2039 1684 2094 praeteritorum
1715 2053 1788 2078 an-

269 2121 419 2147 norum
458 2106 724 2160 singulorum
769 2107 986 2147 deducunt
1031 2107 1313 2161 octogesimas
1360 2112 1401 2146 et
1440 2107 1500 2146 ita
1539 2120 1587 2146 ea
1623 2105 1790 2162 reliqua

270 2188 435 2214 summa
466 2180 589 2228 pacta
620 2174 744 2214 reddi
776 2189 851 2230 pro
881 2174 946 2214 his
968 2174 1206 2230 parietibus
1230 2175 1488 2215 sententiam
1510 2175 1791 2229 pronuntiant

271 2255 341 2281 eos
373 2255 457 2281 non
489 2256 614 2296 posse
645 2240 740 2296 plus
773 2256 898 2295 quain
929 2256 1061 2282 annos
1092 2241 1272 2282 LXXX
1303 2240 1475 2282 durare.

358 2413 377 2443 3
406 2422 485 2443 eam
511 2413 613 2444 PleiA:
642 2422 685 2442 ea
713 2412 787 2443 GH.
824 2410 837 2454 ΙΙ
871 2414 889 2443 ἴ)
915 2413 1074 2445 liberata
1103 2414 1141 2444 G.
1174 2411 1188 2455 Η
1220 2414 1239 2444 7
1267 2412 1459 2454 enplecton
1487 2413 1521 2443 H
1548 2411 1700 2454 welde),
1728 2423 1787 2444 en-

267 2467 393 2508 pleton
418 2473 496 2499 ante
520 2478 609 2501 corr.
639 2468 676 2499 G.
709 2465 723 2509 [l
757 2470 797 2499 10
824 2469 1014 2500 celeritate
1040 2474 1117 2501 ante
1143 2480 1233 2501 corr.
1263 2469 1300 2500 G.
1340 2466 1355 2511 Η
1395 2470 1433 2499 11
1468 2468 1628 2499 farciunt
1660 2467 1742 2508 (rec.
1768 2480 1786 2500 e

266 2536 296 2555 υ.
324 2524 379 2564 15)
408 2524 536 2555 fractis
564 2523 650 2564 (doe.
676 2534 722 2555 ex
747 2525 835 2556 Plin.
864 2528 918 2557 36.
939 2524 1036 2566 172):
1063 2525 1203 2556 faciunt
1220 2525 1332 2555 factis
1361 2524 1435 2555 GH.
1470 2522 1484 2566 [l
1518 2526 1558 2555 14
1583 2524 1693 2566 plana
1720 2524 1787 2556 GH

269 2580 324 2619 (L,
352 2579 460 2621 plena
485 2582 514 2611 lc
540 2578 586 2620 [et
610 2578 654 2620 vl.
684 2577 698 2621 Η
733 2581 772 2610 16
799 2591 816 2612 e
843 2581 936 2611 suis:
961 2583 1010 2612 sic
1027 2581 1102 2614 GH.
1133 2578 1147 2623 ΙΙ
1181 2580 1360 2612 frontibus
1379 2581 1491 2612 Allan:
1518 2581 1691 2612 frontatis
1719 2580 1785 2611 GH

267 2635 328 2675 (ex
346 2647 373 2669 v.
394 2637 461 2675 18).
494 2634 508 2678 ΙΙ
542 2639 578 2667 et
604 2646 710 2666 unam
730 2636 846 2669 Solem:
876 2640 910 2667 et
934 2637 971 2667 in
997 2647 1105 2668 unam
1132 2634 1280 2677 (inufna
1300 2636 1340 2677 G)
1370 2636 1445 2668 GH.
1479 2634 1493 2677 ΙΙ
1527 2637 1566 2667 17
1584 2635 1691 2676 Pre(e
1709 2635 1784 2673 Ge)-

266 2694 368 2722 terea
395 2692 438 2723 G:
466 2690 699 2732 praeca&era
725 2692 761 2722 ll
787 2691 889 2733 (prae
917 2696 1041 2734 cetera
1058 2695 1109 2723 vel
1133 2698 1256 2724 cetera
1270 2691 1359 2733 Lle).
1388 2690 1403 2734 ΙΙ
1434 2693 1473 2723 18
1489 2695 1591 2733 porte
1611 2691 1639 2722 G
1665 2690 1782 2732 (parte

269 2771 443 2810 (1'1'Llscc):
471 2774 594 2811 partes
625 2771 659 2801 H
685 2770 776 2809 (leh).
807 2767 823 2811 Η
855 2771 1025 2802 diatonos
1060 2771 1135 2804 GH.
1167 2768 1182 2812 ΙΙ
1214 2772 1256 2802 23
1283 2781 1349 2802 eae
1377 2771 1412 2801 H
1438 2752 1522 2811 (liae
1550 2769 1626 2809 G0):
1659 2769 1727 2800 hae
1757 2770 1784 2801 G

268 2825 341 2862 (LI.
371 2826 413 2867 lie
439 2826 505 2867 elz).
541 2824 555 2868 {l
591 2828 775 2857 vetustate
802 2827 856 2857 cle:
896 2830 1091 2857 venustate
1127 2827 1193 2857 GH
1226 2826 1310 2867 (LI).
1349 2824 1363 2867 ΙΙ
1401 2828 1443 2857 ‘24
1477 2826 1605 2857 arbitri
1637 2826 1783 2857 Polenns

268 2879 434 2916 (arbitria
451 2880 558 2923 ιΙο().);
587 2882 736 2913 arbitrio
757 2882 833 2914 GH.
867 2879 881 2923 Η
914 2883 954 2912 26
973 2882 1167 2913 locationis
1185 2882 1276 2915 ‹loc-‚z
1304 2891 1411 2912 —nes
1432 2881 1507 2915 GH.
1542 2880 1556 2923 ΙΙ
1594 2882 1635 2912 27
1663 2892 1706 2912 ea
1726 2907 1732 2914 .
1749 2905 1779 2912 ..

267 2939 374 2975 pacta
400 2947 476 2976 eqo:
506 2948 546 2967 cx
576 2963 580 2967 .
603 2963 607 2969 .
633 2963 637 2968 .
664 2941 769 2979 parte
797 2937 872 2970 GH.
905 2935 919 2979 ΙΙ
952 2938 994 2968 28
1020 2947 1176 2969 summa:
1201 2939 1250 2968 sic
1278 2937 1353 2969 GH.
1387 2935 1400 2977 ΙΙ
1433 2936 1574 2976 senltia'l
1601 2937 1637 2972 G.
