1899 3322
65 1891 84 1920 [ὗ

546 207 994 271 DE'ARCleEe‘rURA
1027 234 1117 266 Lm.
1150 234 1198 266 11.
1582 226 1634 270 31

116 329 162 372 in
189 330 377 374 secundo
410 332 554 373 visum
584 339 648 374 est
678 333 785 375 mihi
824 335 1010 392 primum
1042 337 1094 379 de
1125 341 1331 380 materiae
1361 341 1497 397 copiis
1529 356 1637 397 quae

115 399 161 439 in
190 399 399 440 aedificiis
441 406 540 441 sunt
578 401 818 456 parandae,
859 403 1015 458 quibus
1034 399 1038 403 ’
1056 406 1141 447 sint
1172 408 1405 449 virtutibus
1438 415 1480 449 et
1511 423 1637 464 quem

114 466 302 507 habeant
337 483 462 508 usum
501 482 735 524 exponere,
776 469 934 511 deinde
973 486 1240 515 commensus
1270 475 1565 518 aedificiorum
1597 483 1638 517 ct

116 533 290 576 ordines
324 542 365 576 et
395 550 554 590 genera
585 536 757 591 singula
787 539 1135 593 symmetriarum
1167 556 1372 597 peragere
1404 550 1445 585 et
1476 545 1520 585 in
1552 546 1637 586 sin-

115 601 230 656 gulis
266 602 555 644 voluminibus
588 603 820 661 explicare.
1663 623 1682 652 5

453 854 735 903 LIBER
796 855 1301 908 SECUNDUS.

227 997 486 1041 Dinocrates
526 1000 786 1043 architectus
828 1003 1163 1057 cogitationibus
1196 1012 1237 1046 et
1269 1005 1457 1047 sollertia
1488 1006 1638 1060 fretus,

115 1079 212 1106 cum
242 1065 496 1108 Alexander
532 1083 676 1110 rerum
712 1070 944 1125 potiretur,
984 1072 1202 1128 profectus
1236 1080 1300 1115 est
1332 1088 1353 1114 e
1384 1074 1641 1116 Macedonia

112 1133 167 1175 ad
208 1135 447 1176 exercitum
484 1137 631 1191 regiae
669 1137 851 1193 cupidus
899 1140 1297 1182 commendationis.
1366 1143 1401 1182 is
1443 1157 1464 1182 e
1500 1144 1641 1199 patria

112 1215 137 1240 a
167 1203 422 1258 propinquis
455 1210 497 1244 et
526 1205 677 1246 amicis
708 1205 807 1246 tulit
837 1206 894 1246 ad
924 1208 1086 1263 primos
1117 1209 1288 1249 ordines
1320 1216 1361 1250 et
1382 1218 1639 1266 purpuratos
1668 1226 1708 1256 10

111 1267 292 1323 litteras,
324 1271 389 1311 uti
418 1270 563 1313 aditus
594 1272 774 1314 haberet
805 1273 1035 1329 faciliores,
1067 1276 1122 1316 ab
1155 1277 1302 1332 eisque
1334 1285 1539 1333 exceptus
1563 1278 1637 1319 hu-

111 1351 236 1377 mane
275 1338 400 1393 petiit
439 1339 502 1380 uti
542 1341 856 1397 quamprimum
893 1343 949 1382 ad
980 1343 1279 1384 Alexandrum
1317 1345 1637 1401 perduceretur.

112 1418 208 1444 cum
247 1404 431 1461 polliciti
469 1414 632 1461 essent,
673 1409 885 1450 tardiores
923 1409 1098 1452 fuerunt
1128 1411 1333 1453 idoneum
1364 1420 1532 1469 tempus
1565 1428 1637 1454 ex-

112 1478 348 1528 pectantes.
410 1474 556 1530 itaque
598 1475 858 1517 Dinocrates
897 1477 952 1518 ab
990 1477 1056 1519 his
1097 1493 1143 1519 se
1174 1480 1428 1521 existimans
1460 1480 1551 1521 ludi
1582 1481 1637 1521 ab

111 1554 156 1580 se
186 1541 312 1596 petiit
344 1542 624 1597 praesidium.
685 1544 825 1586 fuerat
858 1546 971 1586 enim
1002 1547 1271 1602 amplissima
1302 1554 1487 1601 statura,
1528 1548 1638 1589 facie
1666 1566 1705 1595 15
1746 1560 1750 1564 '

110 1615 248 1662 grata,
280 1608 417 1650 forma
448 1609 747 1668 dignitateque
779 1628 957 1653 summa.
1018 1614 1085 1654 his
1116 1615 1251 1669 igitur
1280 1622 1459 1657 naturae
1489 1631 1636 1657 munc-

110 1675 229 1716 ribus
268 1676 454 1718 confisus
493 1679 754 1721 vestimenta
792 1681 938 1735 posuit
976 1681 1021 1721 in
1058 1681 1245 1737 hospitio
1286 1690 1326 1724 et
1358 1683 1450 1725 oleo
1483 1699 1636 1740 corpus

110 1745 317 1800 perunxit
347 1752 561 1802 caputque
592 1749 815 1788 coronavit
846 1748 1029 1804 populea
1050 1749 1217 1803 fronde,
1250 1750 1421 1791 laevum
1442 1766 1637 1792 umerum

111 1810 224 1867 pelle
255 1811 426 1853 leonina
456 1814 587 1867 texit,
628 1814 868 1870 dextraque
900 1815 1065 1856 clavam
1097 1823 1246 1858 tenens
1279 1819 1458 1859 incessit
1489 1826 1637 1860 contra

111 1878 303 1919 tribunal
333 1881 448 1934 regis
481 1881 546 1935 ius
580 1880 778 1923 dicentis.
838 1884 1009 1924 novitas
1041 1884 1246 1941 populum
1272 1901 1367 1927 cum
1388 1888 1634 1939 avertisset,
1661 1904 1704 1933 ⁴20

112 1947 338 2003 conspexit
369 1962 466 1988 cum
496 1947 760 1991 Alexander.
821 1951 1039 1992 admirans
1073 1953 1111 1992 ei
1141 1953 1269 1994 iussit
1299 1953 1438 1995 locum
1467 1954 1561 1994 dari
1589 1960 1636 1994 ut

110 2015 356 2068 accederet,
400 2016 773 2073 interrogavitque
811 2019 905 2073 quis
946 2026 1072 2060 esset.
1140 2027 1183 2061 at
1222 2020 1313 2074 ille,
1361 2022 1635 2075 Dinocrates,

110 2083 264 2138 inquit,
296 2082 557 2125 architectus
589 2084 793 2139 Macedo,
827 2087 899 2141 qui
931 2087 985 2127 ad
1016 2094 1058 2128 te
1090 2089 1372 2143 cogitationes
1405 2096 1447 2130 et
1477 2089 1636 2130 formas

110 2149 260 2192 adfero
282 2150 435 2206 dignas
457 2158 556 2192 tuae
581 2151 804 2194 claritatis.
866 2168 1050 2210 namque
1071 2155 1220 2197 Athon
1242 2164 1429 2198 montem
1451 2157 1635 2197 formavi

111 2218 155 2257 in
186 2224 354 2259 statuae
386 2218 524 2259 virilis
556 2219 761 2274 figuram,
802 2222 921 2262 cuius
952 2237 1083 2263 manu
1113 2223 1237 2264 laeva
1268 2224 1497 2279 designavi
1529 2225 1633 2264 civi—
1659 2236 1702 2266 25

201 2426 220 2455 3
246 2423 383 2455 habent
408 2429 486 2456 ante
518 2436 607 2459 corr.
633 2426 681 2457 ll.
714 2423 728 2468 Η
761 2427 891 2458 deinde
923 2429 1003 2460 add.
1038 2428 1130 2463 Mar.
1158 2428 1354 2472 (exponere
1383 2428 1547 2472 con[c0m
1577 2428 1633 2472 G]-

112 2489 261 2511 mensus
290 2481 383 2520 (J'H).
416 2478 430 2524 Η
462 2482 481 2513 5
501 2482 612 2513 Liber
635 2483 773 2524 primus
800 2483 951 2525 explicit
976 2484 1033 2524 ((Ῑὸ
1061 2486 1213 2527 gratias.
1243 2497 1359 2518 amen.
1386 2488 1464 2519 add.
1482 2487 1544 2527 ll).
1578 2486 1634 2517 111-

113 2535 201 2577 cipit
232 2535 342 2576 (liber
372 2538 451 2570 add.
483 2538 536 2583 ll)
572 2539 753 2571 sccundus
791 2537 865 2581 (.11.
902 2540 942 2581 (ἰ)
978 2542 1044 2572 Gll
1075 2541 1180 2583 (Δία).
1221 2540 1235 2585 Η
1282 2544 1301 2574 S
1327 2543 1564 2574 emacedonia
1599 2543 1633 2572 ΙΙ

114 2589 194 2633 (L):
222 2592 462 2624 amacedonia
488 2594 551 2625 EG
577 2593 647 2635 (lc).
681 2592 695 2637 Η
734 2598 753 2627 9
780 2597 1117 2630 commendationis.
1158 2599 1213 2630 ise
1245 2610 1278 2640 p.
1305 2604 1382 2630 ante
1408 2610 1498 2631 οοιϊ.
1528 2601 1554 2628 (i
1588 2597 1632 2638 (is

114 2658 168 2689 ep.
197 2648 268 2688 GC),
296 2649 621 2682 commendatione.
650 2651 722 2683 siso
748 2663 782 2694 p.
807 2652 850 2683 E.
882 2650 899 2694 Η
932 2654 970 2684 11
996 2653 1141 2686 litteras
1176 2655 1294 2686 aditus
1327 2656 1428 2685 Elill
1461 2654 1525 2695 (uti
1551 2656 1631 2688 add.

112 2703 212 2745 reta).
246 2702 261 2747 Η
295 2706 334 2735 12
361 2706 456 2747 petit
491 2705 524 2745 (i.
553 2717 581 2740 e.
608 2707 716 2748 petiit
741 2707 785 2748 L)
818 2709 922 2740 Emi
952 2708 1022 2750 (lc).
1061 2708 1076 2752 Η
1118 2712 1158 2741 11
1190 2711 1264 2742 ludi
1292 2711 1393 2741 Eril!
1420 2711 1492 2750 (m,
1527 2710 1630 2742 illudi

111 2760 176 2799 cle).
209 2758 224 2802 Η
258 2761 303 2792 ab
330 2771 367 2793 se
395 2762 497 2793 EGll
523 2761 579 2802 (L,
607 2763 652 2795 ab
679 2774 716 2795 re
743 2761 852 2805 lc[v]).
884 2762 899 2806 Η
937 2766 977 2796 15
1003 2767 1095 2807 petit
1113 2768 1214 2798 Elis!
1241 2767 1342 2807 (Llc).
1377 2765 1390 2808 Η
1429 2767 1631 2798 subsidium

111 2816 160 2847 elz.
192 2813 210 2859 Η
242 2819 282 2848 19
307 2817 447 2849 clavam
477 2819 578 2850 Ecill
604 2818 761 2859 (clavum
790 2820 877 2860 Llc).
912 2818 926 2862 Η
958 2823 1000 2853 20
1026 2824 1238 2855 avertisset:
1264 2825 1312 2853 sie
1337 2823 1450 2855 Elill.
1483 2821 1497 2865 Η
1529 2824 1568 2854 21
1597 2824 1629 2854 ei

113 2872 219 2903 iussit
242 2874 280 2904 Il
306 2872 418 2914 (Lle):
445 2874 551 2906 iussit
577 2875 611 2906 ei
636 2875 711 2909 EG.
744 2874 759 2918 Η
792 2879 832 2907 22
859 2887 927 2918 que
946 2890 1006 2910 om.
1028 2879 1069 2910 E.
1101 2883 1114 2915 Η
1148 2881 1184 2910 :ll
1217 2879 1395 2910 claritatis
1422 2879 1628 2922 ll'csselc'ngs:

112 2927 272 2960 claritati
300 2929 410 2963 siml.
434 2932 517 2972 fur-l.
545 2934 606 2963 tua
632 2931 809 2964 claritati.
