1899 3322
565 229 626 260 DE
658 230 1012 261 ARCHITECTURA
1043 231 1133 260 Llss.
1167 226 1208 259 v.
1575 216 1653 258 113

140 347 471 391 synemmenon,
518 338 723 388 paranete
769 345 1106 388 synemmenon,
1152 332 1252 372 trite
1298 331 1654 386 diezeugmenon,

138 407 342 457 paranete
373 400 734 454 diezeugmenon,
767 399 868 439 trite
899 397 1233 454 hyperbolaeon,
1266 405 1469 454 paranete
1499 398 1655 454 hyper—

142 468 332 510 bolaeon.
401 468 440 508 ei
478 474 622 508 autem
661 481 744 522 qua
784 472 1033 517 moventur,
1074 466 1286 520 recipiunt
1319 467 1501 507 virtutes
1532 465 1654 519 alias,

137 535 366 576 intervalla
424 535 538 575 enim
588 540 629 574 et
679 533 908 574 distantias
958 532 1118 573 habent
1169 540 1423 573 crescentes.
1510 533 1656 588 itaque

137 603 399 659 parhypate,
432 616 541 657 quae
561 602 606 641 in
636 600 859 641 harmonia
890 600 1023 641 distat
1054 600 1107 640 ab
1134 598 1295 655 hypate
1326 599 1553 640 dimidium
1583 600 1654 640 he—

137 671 385 722 mitonium,
435 670 480 709 in
525 668 698 709 chroma
736 674 968 708 tramutata
1016 666 1145 707 habet
1184 666 1478 708 hemitonium.
1547 682 1656 723 quae

138 737 328 777 liehanos
366 738 410 777 in
442 736 664 777 harmonia
695 735 876 789 dicitur,
918 734 972 775 ab
1002 734 1164 790 hypate
1195 733 1327 774 distat
1359 734 1655 786 hemitonium,

137 805 182 844 in
221 804 396 845 chroma
434 802 641 844 translata
680 801 955 859 progreditur
995 801 1079 842 duo
1110 801 1366 853 hemitonia,
1406 802 1449 842 in
1482 802 1655 843 diatono

138 871 272 912 distat
293 871 348 912 ab
370 871 532 927 hypate
553 871 636 910 tria
666 870 914 910 hemitonia.
965 870 1025 910 ita
1054 884 1084 908 x
1116 869 1280 910 sonitus
1312 876 1487 924 propter
1518 876 1655 909 trans-

139 938 321 979 lationes
361 940 405 980 in
443 938 674 993 generibus
715 936 909 977 efficiunt
947 937 1162 992 triplicem
1200 935 1543 977 modulationum
1582 952 1654 976 va-

138 1006 348 1046 rietatem.
407 1005 683 1047 tetrachorda
714 1011 858 1045 autem
890 1011 989 1044 sunt
1021 1005 1232 1059 quinque,
1272 1004 1458 1059 primum
1489 1005 1656 1058 gravis-

138 1075 294 1114 simum
303 1106 315 1125 ,
355 1073 470 1129 quod
507 1088 661 1129 graece
699 1073 859 1113 dicitur
890 1086 1083 1123 υπατον,
1125 1072 1363 1111 seeundum
1395 1071 1657 1123 medianum,

82 1178 85 1179 γ
139 1140 254 1196 quod
285 1140 530 1197 appellatur
559 1153 719 1196 μεσον,
751 1141 928 1180 tertium
960 1139 1256 1193 coniunctum,
1290 1139 1404 1194 quod
1437 1151 1656 1193 συνημμε-

91 1232 97 1235 »
138 1224 220 1250 νον
251 1207 431 1262 dicitur,
473 1215 674 1264 quartum
706 1208 993 1259 disiunctum,
1033 1206 1148 1262 quod
1180 1207 1490 1260 διεζευγμενον
1521 1207 1656 1247 nomi-

137 1282 285 1329 natur,
318 1276 540 1332 quintum,
581 1276 695 1332 quod
718 1282 782 1316 est
813 1275 1132 1326 acutissimum,
1172 1288 1327 1328 graece
1358 1276 1658 1327 υπερβολαιον

139 1343 313 1384 dicitur.
383 1350 613 1384 concentus
661 1358 766 1399 quos
811 1349 967 1383 natura
1010 1341 1196 1382 hominis
1243 1341 1456 1382 modulari
1501 1348 1656 1396 potest,

139 1425 378 1466 graeceque
418 1422 676 1465 συμφωνιαι
715 1410 940 1463 dicuntur,
979 1415 1079 1450 sunt
1111 1423 1210 1461 sex,
1244 1409 1532 1462 diatessaron,
1566 1409 1656 1455 dia-

138 1485 288 1535 pente,
321 1478 552 1534 diapason,
586 1485 627 1519 et
649 1478 1011 1529 disdiatessaron,
1045 1483 1086 1517 et
1107 1476 1400 1532 disdiapente,
1433 1483 1473 1516 et
1495 1475 1657 1516 disdia-

139 1561 288 1602 pason.
357 1545 541 1601 ideoque
580 1553 622 1586 et
667 1560 691 1586 a
727 1560 906 1586 numero
945 1545 1120 1585 nomina
1151 1550 1378 1599 ceperunt,
1416 1544 1530 1599 quod
1563 1558 1658 1583 cum

140 1628 229 1655 vox
250 1613 491 1654 eonstiterit
514 1614 559 1653 in
579 1628 665 1653 una
697 1628 899 1654 sonorum
930 1612 1124 1652 finitione
1154 1611 1208 1651 ab
1241 1625 1376 1666 eaque
1407 1626 1452 1651 se
1482 1611 1657 1651 flectens

139 1681 378 1722 mutaverit
400 1687 441 1721 et
463 1682 707 1736 pervenerit
731 1682 775 1721 in
798 1687 995 1736 quartam
1025 1680 1387 1731 terminationem,
1420 1677 1661 1734 appellatur

141 1750 431 1802 diatessaron,
477 1749 522 1789 in
561 1750 755 1804 quintam
794 1748 1018 1803 diapente,
1058 1748 1102 1786 in
1140 1752 1307 1786 sextam
1345 1746 1575 1800 diapason,
1615 1746 1660 1785 in

142 1823 339 1858 octavam
381 1822 422 1856 et
453 1816 679 1856 dimidiam
710 1816 920 1870 diapason
952 1821 993 1854 et
1025 1813 1314 1865 diatessaron,
1358 1813 1402 1852 in
1431 1827 1586 1854 nonam
1620 1819 1661 1852 et

143 1883 370 1925 dimidiam
408 1882 618 1938 diapason
667 1890 709 1922 et
756 1881 979 1938 diapente,
1020 1882 1063 1921 in
1109 1892 1176 1921 XII
1215 1880 1509 1935 disdiapason.
1576 1895 1660 1920 non

143 1953 256 1992 enim
277 1952 389 1992 inter
420 1949 505 1990 duo
537 1948 789 2002 intervalla,
823 1964 919 1989 cum
951 1947 1209 1989 chordarum
1240 1948 1404 1988 sonitus
1436 1954 1511 1988 aut
1542 1948 1660 1987 vocis
1686 1963 1693 1970 ·

143 2025 293 2060 cantus
332 2018 472 2059 faetus
520 2017 671 2069 fuerit,
711 2031 790 2057 nec
830 2017 874 2057 in
913 2017 1039 2056 tertia
1078 2023 1151 2055 aut
1190 2022 1314 2056 sexta
1349 2021 1424 2055 aut
1461 2027 1526 2056 V11
1566 2030 1660 2071 pos-

233 2148 253 2177 3
277 2146 310 2176 ei
335 2148 453 2176 autem
481 2154 568 2185 qua:
593 2144 641 2174 sie
670 2143 744 2174 (ill.
775 2141 789 2185 Η
817 2144 837 2174 ὓ
864 2143 1026 2173 armonia
1054 2142 1130 2173 Gll.
1153 2139 1169 2183 Η
1190 2141 1326 2182 hypate
1346 2140 1530 2172 dimidium
1548 2141 1660 2172 hemi-

144 2203 283 2234 tonium
310 2201 404 2233 Mar.
432 2199 581 2241 (hypate
609 2199 697 2230 diesi
721 2200 830 2239 J0‹·.):
858 2199 993 2240 hypate
1018 2198 1254 2229 hemitonium
1276 2198 1352 2228 Gll.
1383 2195 1398 2239 Η
1430 2198 1448 2227 ὓ
1474 2196 1660 2227 inehroma

144 2260 390 2289 transmutata
418 2256 445 2287 G
471 2255 569 2297 (ech),
596 2255 844 2286 inehromatra
869 2257 1007 2285 mutata
1032 2254 1069 2284 Il
1094 2253 1154 2293 (LI
1177 2258 1209 2284 et
1235 2259 1311 2284 ante
1336 2264 1405 2283 ras.
1431 2252 1475 2293 c).
1514 2250 1528 2294 Η
1567 2263 1659 2294 quae

148 2315 248 2346 Lor.:
276 2313 338 2353 qui
365 2312 442 2344 Gll.
475 2309 490 2353 ΙΙ
522 2312 539 2342 7
566 2311 730 2342 liehanos
755 2311 847 2341 ,Ιοικε
882 2310 1050 2341 lichanus
1073 2310 1148 2342 GH.
1181 2307 1195 2351 Η
1227 2312 1247 2341 8
1279 2309 1458 2341 translata
1490 2307 1661 2348 (traslata

148 2370 208 2410 (1¹):
233 2371 282 2400 sic
309 2369 376 2400 GII
399 2366 507 2410 (Llc).
541 2365 555 2409 [Ι
590 2368 628 2398 12
654 2367 814 2408 hypaton
836 2367 911 2397 (ill.
943 2364 958 2408 Η
993 2367 1031 2397 13
1057 2376 1181 2397 meson
1209 2367 1284 2397 (ΙΙΙ.
1308 2363 1322 2407 Η
1347 2366 1401 2396 sin
1427 2364 1566 2395 hemme
1590 2374 1660 2395 non

149 2426 190 2461 (ι’,
223 2426 278 2456 sin
303 2424 517 2456 hemmenon
545 2424 583 2455 H
606 2424 700 2463 (Lcl,
727 2423 862 2454 sinhem
891 2432 1020 2453 menon
1045 2433 1079 2461 e,
1112 2422 1383 2453 sinhemmenon
1408 2421 1443 2456 lt,
1469 2421 1659 2450 sinenune-

147 2491 216 2513 non
247 2480 320 2521 GC).
351 2478 366 2522 ss
398 2481 438 2511 14
464 2480 770 2522 diezeuglmenon
797 2480 840 2510 G:
868 2478 1141 2519 ‹liezeigmenon
1168 2477 1244 2518 (sic)
1273 2478 1307 2508 ll
1333 2477 1661 2516 (die.zeegmenou

146 2548 164 2568 c
188 2542 220 2568 et
245 2541 323 2568 unte
355 2547 445 2569 corr.
471 2537 508 2575 Ιι,
541 2536 597 2567 die
623 2545 847 2577 zeugmeuon
873 2536 932 2567 LI.
965 2534 1022 2565 die
1049 2544 1272 2575 zeugmenon
1309 2534 1372 2570 LC,
1411 2530 1658 2572 ‹lielzeugme-

147 2615 217 2636 non
241 2604 307 2644 lac).
330 2601 344 2645 Η
371 2605 411 2635 15
435 2603 683 2645 hyperboleon
711 2604 748 2641 G,
776 2602 976 2633 —bolaeon
1003 2579 1053 2632 Ιῖ
1065 2601 1254 2642 (—l)oleon
1276 2601 1334 2636 nh,
1363 2598 1537 2630 —baleou
1562 2599 1620 2636 Ie).
1642 2608 1656 2638 1!

150 2673 190 2703 1ss
217 2674 413 2703 coneentos
440 2671 485 2704 H.
515 2668 528 2712 ΙΙ
564 2672 602 2702 17
629 2670 839 2712 symphonie
866 2670 892 2698 [ι’
918 2667 1021 2709 (ech),
1048 2668 1273 2710 synphoniae
1302 2668 1335 2698 ll
1362 2667 1463 2706 (me).
1495 2664 1509 2707 [Ι
1542 2657 1660 2697 dines-

149 2737 256 2759 saron
281 2727 344 2758 Hc.
375 2724 390 2768 Π
426 2728 464 2758 19
491 2726 644 2766 ideoque
671 2730 722 2758 et:
755 2727 803 2757 sic
837 2725 912 2758 (ill.
945 2722 960 2766 ΙΙ
997 2725 1143 2756 nomina
1175 2727 1367 2765 ceperunt:
1401 2721 1546 2752 nomina
1578 2732 1659 2753 coe—

115 2822 118 2826 ·
149 2786 280 2825 petunt
307 2783 372 2814 GH
405 2783 439 2822 (I,
466 2786 644 2824 ceperunt
666 2794 701 2822 e,
729 2784 950 2822 aeceperunt
974 2788 1009 2813 οῦ
1033 2786 1066 2812 et
1090 2782 1124 2815 h.
1155 2791 1284 2811 nomen
1312 2779 1534 2818 aeceperunt
1561 2776 1615 2819 L).
1643 2776 1657 2818 Η

150 2862 193 2893 24
218 2861 393 2903 diapason
419 2861 591 2902 diapente
620 2862 685 2892 cm
711 2860 763 2901 (οι
787 2861 866 2894 mm.
893 2858 973 2899 em).
1007 2858 1022 2902 Η
1055 2860 1150 2891 xu:
1177 2861 1226 2889 ,ein
1254 2859 1318 2888 tm
1344 2838 1539 2897 (xl'lffmac).
1572 2853 1587 2898 ιι
1617 2856 1660 2887 <2ss

152 2917 217 2949 vll
245 2916 280 2957 (ι’.
306 2928 333 2948 e.
359 2917 515 2958 septima
540 2918 627 2954 ed.):
654 2921 791 2958 septem
821 2917 885 2947 (r'll
911 2916 1013 2956 (Lle).

198 2982 348 3006 Vl'rlffiv.
376 2984 419 3004 m:
448 2982 594 3007 Ancurr„
1368 2971 1392 3009 ὅ

1686 946 1724 975 10

1686 1282 1725 1311 15
