1909 3322
149 619 169 650 <51

133 955 171 984 10

194 230 248 268 ‚08
843 232 1052 263 VITRUVII

196 338 494 382 crassitudinis
521 342 657 377 sexta.
716 334 883 390 reliqua
903 348 1001 390 pars
1032 338 1203 389 praeter
1234 332 1468 388 cymatium
1490 330 1713 372 dividatur

194 409 239 448 in
270 412 412 463 partes
452 416 534 445 XII.
567 404 719 444 harum
748 403 878 443 trium
910 403 1048 458 prima
1086 415 1208 441 corsa
1237 399 1312 440 fiat
1350 413 1444 439 cum
1482 398 1712 453 astragalo,

195 472 384 515 secunda
414 477 636 527 quattuor,
674 471 803 511 tertia
834 471 1023 525 quinque
1033 501 1044 521 7
1084 474 1125 508 et
1164 481 1238 507 eae
1274 480 1410 521 aeque
1440 480 1588 507 corsae
1619 480 1714 506 cum

194 539 420 594 astragalis
444 539 796 579 circumcurrant.
855 535 1123 592 hyperthyra
1153 541 1296 575 autem
1326 533 1382 573 ad
1414 533 1596 573 eundem
1626 548 1713 574 mo-

195 608 296 648 dum
334 612 643 663 componantur
674 603 1035 661 quemadmodum
1075 603 1120 643 in
1158 602 1337 653 doricis,
1377 615 1454 656 pro
1484 601 1590 641 ratis
1621 614 1714 656 par-

193 676 326 716 tibus.
368 688 570 730 „ancones
593 674 686 714 sive
714 671 932 729 parotides
964 676 1172 711 vocantur
1210 667 1433 724 excalptae
1472 668 1627 708 dextra
1665 681 1716 707 ac

195 744 370 784 sinistra
384 729 393 734 '-
407 741 728 798 praependeant
768 739 823 780 ad
854 739 930 779 imi
960 736 1187 794 supercilii¹
1211 736 1516 777 libramentum
1547 740 1717 790 praeter

195 810 358 852 folium.
433 810 514 850 hae
558 808 746 849 habeant
782 808 827 848 in
866 805 1008 848 fronte
1046 803 1378 845 crassitudinem
1417 817 1471 843 ex
1508 808 1711 858 antepag-

195 879 330 919 menti
358 877 497 918 tribus
529 875 724 932 partibus
756 874 958 926 duarum,
991 873 1037 913 in
1066 873 1152 913 imo
1183 877 1335 926 quarta
1364 876 1486 926 parte
1516 868 1714 924 gracilio-

195 961 285 986 rem
317 959 445 1001 quam
465 944 698 999 superiora.

308 1013 441 1054 Fores
481 1013 542 1052 ita
580 1010 909 1066 compingantur
938 1008 1001 1048 uti
1033 1008 1152 1063 scapi
1184 1004 1422 1046 cardinales
1455 1005 1541 1046 sint
1573 1019 1627 1045 ex
1656 1003 1716 1044 la-

197 1079 383 1121 titudine
423 1078 597 1119 luminis
635 1077 767 1117 totius
806 1088 873 1116 XII
910 1081 1044 1130 parte.
1112 1076 1224 1116 inter
1263 1073 1369 1113 duos
1410 1087 1561 1128 scapos
1606 1078 1714 1127 tym-

198 1162 308 1203 pana
354 1160 408 1186 ex
452 1157 519 1186 XII
563 1143 759 1201 partibus
814 1142 1000 1183 habeant
1050 1148 1195 1182 ternas
1248 1147 1406 1196 partes.
1480 1139 1713 1196 inpagibus

198 1214 527 1254 distributiones
567 1213 628 1253 ita
666 1211 769 1251 fient
808 1210 872 1250 uti
911 1208 1065 1250 divisis
1096 1208 1399 1249 altitudinibus
1431 1208 1477 1248 in
1507 1213 1650 1262 partes
1688 1218 1718 1246 V

198 1280 308 1321 duae
352 1280 591 1335 superiori7
636 1285 724 1319 tres
770 1277 967 1318 inferiori
1005 1276 1301 1331 designentur.
1370 1289 1498 1331 super
1528 1273 1720 1315 medium

197 1348 331 1390 medii
360 1349 540 1404 inpages
573 1345 867 1396 conlocentur,
901 1359 955 1385 ex
984 1343 1161 1399 reliquis
1192 1342 1266 1384 alii
1298 1343 1341 1382 in
1374 1357 1539 1383 summo
1569 1340 1644 1382 alii
1673 1342 1720 1381 in

198 1416 283 1455 imo
306 1416 647 1471 compingantur.
707 1411 889 1453 altitudo
911 1412 1080 1467 inpagis
1101 1410 1176 1451 fiat
1199 1410 1397 1467 tympani
1426 1409 1554 1450 tertia
1582 1414 1718 1465 parte,

200 1483 435 1538 cymatium
457 1487 580 1522 sexta
610 1487 731 1536 parte
763 1480 948 1534 inpagis.
1010 1492 1234 1533 scaporum
1265 1476 1516 1518 latitudines
1547 1477 1718 1532 inpagis

201 1550 381 1589 dimidia
401 1554 542 1604 parte,
575 1549 679 1588 item
699 1545 865 1602 replum
887 1545 940 1585 de
962 1546 1118 1602 inpage
1147 1544 1328 1585 dimidia
1358 1551 1399 1585 et
1431 1550 1555 1585 sexta
1584 1550 1719 1599 parte.

202 1618 319 1672 scapi
359 1617 431 1672 qui
470 1622 568 1656 sunt
606 1613 841 1655 secundum
878 1619 1234 1668 antepagmenta,
1283 1612 1508 1652 dimidium
1548 1612 1719 1666 inpagis

202 1684 530 1724 constituantur.
591 1683 659 1723 sin
678 1687 821 1721 autem
852 1680 1050 1722 valvatae
1083 1686 1226 1733 erunt,
1259 1678 1508 1720 altitudines
1540 1679 1602 1719 ita
1631 1693 1718 1719 ma-

201 1751 384 1803 nebunt,
423 1751 468 1790 in
504 1747 777 1789 latitudinem
814 1748 1026 1789 adiciatur
1062 1747 1246 1803 amplius
1284 1746 1389 1788 foris
1427 1745 1623 1786 latitudo.
1684 1746 1720 1785 si

203 1817 463 1872 quadriforis
494 1816 640 1857 futura
671 1822 748 1869 est,
780 1815 963 1856 altitudo
993 1815 1219 1855 adiciatur.

315 1885 563 1938 Atticurges
601 1890 745 1923 autem
785 1883 923 1924 isdem
964 1882 1202 1923 rationibus
1241 1882 1521 1937 perficiuntur
1565 1880 1719 1936 quibus

205 1953 363 1992 dorica.
438 1957 658 2007 praeterea
709 1965 854 1990 corsae
903 1950 982 1990 sub
1036 1950 1234 2004 cymatiis
1281 1949 1325 1989 in
1376 1948 1719 2003 antepagmentis

295 2102 309 2131 1
339 2099 522 2130 dividatur
552 2100 623 2133 ed,:
662 2098 835 2130 dividitur
863 2097 939 2128 GH.
982 2094 997 2139 Η
1032 2098 1051 2128 2
1082 2097 1208 2128 harum
1240 2097 1332 2128 -loe.:
1369 2096 1494 2128 horum
1526 2095 1642 2135 (Horsl
1677 2094 1720 2134 (ι’)

207 2157 281 2187 (ill.
326 2153 340 2197 Η
376 2158 395 2187 3
434 2157 470 2186 et
510 2165 575 2186 eae
614 2164 728 2195 aeque
767 2165 827 2195 eya
866 2152 1018 2194 (eaeque
1056 2153 1166 2193 .Joc.):
1212 2163 1254 2184 ex
1292 2163 1336 2184 ea
1375 2162 1487 2193 aeque
1527 2151 1622 2193 (aeq3
1662 2152 1719 2191 H)

206 2213 282 2242 l‘r'll.
313 2208 328 2253 Η
360 2213 381 2242 4
405 2211 629 2252 hyperthyra
654 2211 745 2242 J0(·.:
774 2210 926 2251 Hipetre
956 2209 982 2239 G
1008 2206 1104 2251 (—¹'‘}
1125 2209 1200 2251 GC),
1225 2208 1383 2250 Hyp&ra
1408 2209 1448 2239 H
1464 2206 1566 2248 (ch).
1593 2205 1607 2249 Η
1641 2208 1660 2238 5
1685 2208 1721 2238 in

205 2279 357 2317 doricis,
396 2289 459 2320 pro
490 2276 587 2309 'ratis
624 2277 791 2319 partibus
823 2268 951 2316 (fpriitis
979 2276 1114 2316 ptibus)
1142 2287 1201 2317 690
1228 2276 1426 2317 („ta7zqnanz
1450 2277 1644 2307 varietatem
1669 2285 1719 2305 se-

205 2337 335 2377 quentis
360 2333 547 2376 protides“
574 2335 693 2365 delevit
719 2333 853 2374 Selm.):
891 2333 927 2363 in
959 2332 1091 2364 doricis
1116 2333 1229 2374 protis
1268 2331 1356 2372 (ptis
1382 2331 1434 2372 elz)
1462 2331 1614 2371 pedibus
1652 2330 1721 2361 GH

206 2392 309 2431 (lile).
339 2388 355 2433 Η
384 2392 403 2422 6
430 2389 614 2432 parotides
640 2389 757 2422 Sella:
785 2389 944 2430 protides
973 2389 1041 2419 (ill
1064 2387 1131 2429 (LI,
1164 2388 1325 2429 prodites
1350 2386 1416 2429 ch).
1451 2384 1466 2429 Η
1504 2386 1719 2427 exscalptae

206 2446 414 2488 (exculptae
445 2445 553 2487 ·l0c·.):
594 2445 777 2487 etscalpta
805 2446 848 2482 G,
877 2445 1049 2486 excalpta
1074 2445 1114 2475 H
1137 2443 1196 2484 (Ic,
1231 2443 1403 2485 exculpta
1427 2441 1485 2483 L).
1520 2440 1535 2485 Η
1571 2444 1591 2474 8
1617 2445 1718 2473 ante-

206 2503 389 2544 pagmenti
415 2503 506 2535 Joat
539 2502 632 2532 -tis
660 2502 728 2532 GH
757 2500 859 2541 (ΜΟ).
896 2499 910 2543 Η
952 2503 971 2533 9
999 2501 1147 2532 duarum
1179 2501 1258 2531 add.
1291 2501 1437 2531 Polenus
1469 2498 1648 2540 (partibus
1681 2499 1717 2528 in

207 2560 275 2590 imo
304 2558 397 2599 GH).
427 2555 443 2600 Η
482 2557 713 2599 graciliorem
745 2558 819 2588 Pol.
855 2561 971 2593 (—res
1002 2554 1108 2598 Joc.):
1146 2566 1229 2587 —re
1266 2556 1343 2589 GH.
1384 2552 1400 2596 Η
1437 2556 1476 2585 12
1507 2555 1717 2596 XII.parte

209 2638 274 2667 llll
301 2637 394 2677 (XII.
422 2639 551 2677 aparte
565 2647 630 2677 pro
656 2616 738 2667 Xfl.
764 2638 868 2676 parte
901 2635 978 2677 lclz).
1013 2632 1027 2676 Η
1059 2636 1099 2666 13
1128 2634 1325 2675 inpagibus
1359 2634 1430 2664 θὼς
1464 2630 1720 2673 ἰηξρὲιςίηίὺιιε

211 2694 285 2726 (ill.
317 2690 332 2735 Η
364 2694 404 2724 15
430 2698 504 2724 tres
529 2692 567 2722 Il
592 2691 701 2732 <La->z
740 2691 806 2722 ΠΙ.
835 2692 871 2724 (ι’.
907 2689 921 2733 Η
955 2692 995 2722 16
1028 2701 1071 2722 ex
1103 2691 1175 2724 eth:
1213 2692 1248 2721 ct
1276 2689 1352 2722 (ill.
1382 2685 1397 2730 Η
1433 2689 1473 2720 18
1505 2687 1720 2728 scaphorum

211 2749 244 2778 ll
258 2746 329 2790 (A),
347 2746 362 2790 Η
383 2750 422 2780 19
437 2748 592 2789 replum:
611 2749 658 2778 sie
674 2747 739 2778 GH
755 2745 844 2786 (ilem
858 2746 1120 2787 infraX,11,8).
1140 2742 1154 2787 Η
1171 2746 1213 2776 ‘20
1227 2744 1422 2776 seeundum
1437 2745 1721 2784 antepagmenta

213 2805 359 2835 ltaldus:
387 2808 471 2836 ante
489 2803 685 2835 secundum
705 2801 808 2843 (-—ds1
828 2804 865 2843 (ι’,
883 2803 973 2833 —dfi
997 2802 1002 2843 Ι
1024 2800 1074 2842 ll)
1101 2803 1330 2842 pagmentum
1357 2798 1456 2838 (—ts1
1480 2798 1521 2839 (ι’)
1542 2798 1618 2830 GH.
1643 2796 1657 2840 Η
1679 2800 1721 2829 ‘24

209 2860 418 2899 Atticurges
444 2861 536 2891 don:
563 2859 775 2900 Attigurgcs
803 2858 1077 2899 (1¹,Adtigurges
1102 2855 1261 2897 H(Llc).
1287 2854 1301 2898 Η
1323 2855 1434 2886 isdem
1452 2855 1496 2887 G:
1522 2854 1658 2885 hisdem
1685 2854 1721 2884 ll

209 2914 311 2954 (lde).
336 2913 349 2956 Η
375 2917 416 2946 ‘25
443 2927 543 2959 corse
565 2918 610 2947 (1¹2
638 2925 767 2958 gorsae
787 2915 822 2945 ΙΙ
842 2913 946 2957 (Me),
968 2911 983 2956 Η
1007 2914 1320 2955 inantpagmentis
1346 2912 1385 2943 ll
1402 2910 1448 2952 (et
1470 2915 1548 2943 ante
1565 2921 1654 2942 corr.
1675 2910 1718 2951 e).
