1899 3322
604 238 664 266 DE
696 238 1049 272 ARCHITECTURA
1081 246 1172 275 Llss.
1204 247 1284 275 vn.
1626 240 1704 282 165

141 344 161 375 7
184 335 379 391 gelicidii
409 338 620 393 pruinam.
682 339 749 379 sin
785 347 927 382 autem
966 346 1177 388 curiosius
1211 348 1431 390 videbitur
1460 349 1553 392 fieri
1583 367 1704 407 opor—

184 409 294 457 tere,
338 403 509 460 tegulae
546 404 767 461 bipedales
806 408 920 449 inter
957 426 1002 451 sc
1042 422 1365 468 coagmentatae
1405 432 1535 473 supra
1572 420 1704 461 rudus

184 471 402 513 substrata
439 473 619 513 materia
657 473 939 532 conlocentur
968 477 1175 522 habentes
1215 483 1398 537 singulis
1430 494 1701 540 coagmento—

181 554 277 581 rum
317 539 532 581 frontibus
572 541 740 584 excisos
782 543 1042 588 canaliculos
1082 547 1306 603 digitales,
1347 551 1501 606 quibus
1545 554 1701 596 iunctis

181 607 442 664 impleantur
485 607 602 649 calCe
641 623 696 649 ex
735 609 826 653 oleo
862 612 1040 655 subacta
1085 616 1460 674 confricenturque
1507 622 1619 662 inter
1657 638 1701 664 se
1727 632 1746 662 5

182 681 434 730 coagmenta
471 690 730 733 compressa.
789 678 849 719 ita
886 679 984 721 calx
1025 696 1133 737 quae
1172 685 1251 726 erit
1288 685 1469 728 haerens
1501 689 1545 728 in
1577 704 1699 731 cana-

177 742 291 784 libus
356 742 623 785 durescendo
679 751 965 804 contexteque
1013 749 1310 793 solidescendo
1369 768 1454 795 non
1511 757 1700 811 patietur

178 825 333 866 aquam
370 825 509 867 neque
546 811 674 853 aliam
705 828 794 854 rem
825 830 902 872 per
933 825 1185 872 coagmenta
1215 821 1410 861 transire.
1472 836 1566 864 cum
1598 839 1698 879 ergo

179 878 310 920 fuerit
340 877 420 919 hoc
451 879 512 920 ita
541 886 824 936 perstratum,
858 898 986 939 supra
1017 885 1193 928 nucleus
1226 886 1457 929 inducatur
1488 897 1529 931 et
1560 892 1696 946 virgis

178 945 397 987 caedendo
442 946 682 1002 subigatur.
757 964 887 1006 supra
929 958 1069 993 autem
1117 955 1211 995 sive
1249 969 1304 996 ex
1340 961 1503 997 tessera
1541 959 1697 1012 grandi
1725 968 1765 999 10

177 1014 272 1055 sive
309 1028 364 1055 ex
401 1014 521 1070 spica
555 1021 745 1057 testacea
782 1023 1002 1060 struantur
1040 1020 1231 1077 fastigiis
1273 1023 1429 1078 quibus
1468 1030 1532 1065 est
1569 1040 1698 1082 supra

177 1082 407 1138 scriptum,
442 1089 482 1123 et
513 1097 609 1123 cum
639 1085 702 1125 sic
734 1092 857 1126 erunt
888 1086 1022 1141 facta,
1055 1103 1138 1130 non
1171 1090 1256 1131 cito
1289 1090 1574 1133 vitiabuntur.

133 1160 149 1189 1
289 1148 397 1191 Cum
418 1164 443 1190 a
463 1151 805 1206 pavimentorum
839 1167 940 1194 cura
971 1154 1208 1197 discessum
1238 1157 1383 1211 fuerit,
1415 1165 1518 1200 tunc
1549 1159 1602 1200 de
1631 1160 1686 1201 al-
1717 1168 1753 1200 ΙΙ

174 1216 307 1258 bariis
348 1217 549 1274 operibus
597 1212 660 1261 est
699 1220 1018 1276 explicandum.
1085 1223 1130 1263 id
1173 1230 1316 1265 autem
1354 1226 1435 1266 erit
1471 1233 1606 1280 recte7
1655 1229 1692 1268 si

173 1284 355 1340 glaebae
377 1285 507 1326 calcis
533 1288 720 1343 optimae
749 1294 848 1329 ante
879 1289 1010 1330 multo
1041 1295 1232 1346 tempore
1263 1306 1390 1347 quam
1421 1308 1526 1349 opus
1557 1294 1687 1336 fuerit
1714 1305 1754 1335 15

173 1351 526 1408 macerabuntur,
586 1355 649 1395 uti
701 1357 737 1396 si
786 1370 868 1411 qua
926 1356 1079 1411 glaeba
1132 1373 1283 1413 parum
1328 1359 1460 1401 fuerit
1512 1362 1556 1402 in
1607 1362 1691 1404 for-

172 1435 278 1462 nace
337 1427 483 1475 cocta,
542 1422 587 1462 in
640 1425 926 1465 maceratione
981 1424 1184 1466 diuturna
1244 1426 1408 1482 liquore
1466 1426 1692 1470 defervere

174 1494 321 1531 coacta
366 1503 450 1530 uno
485 1494 631 1530 tenore
669 1497 971 1545 concoquatur.
1045 1506 1230 1548 namque
1268 1508 1364 1534 cum
1401 1509 1486 1536 non
1522 1497 1691 1551 penitus

172 1562 388 1598 macerata
419 1556 495 1597 sed
526 1571 674 1597 recens
708 1558 910 1611 sumitur,
944 1573 1039 1598 cum
1071 1560 1201 1601 fuerit
1232 1561 1408 1602 inducta
1439 1561 1601 1604 habens
1633 1564 1689 1604 la-

171 1630 310 1666 tentes
334 1623 488 1666 crudos
511 1623 694 1665 calculos
724 1623 918 1680 pustulas
951 1627 1122 1667 emittit.
1183 1629 1256 1683 qui
1287 1627 1440 1669 calculi
1471 1631 1515 1670 in
1545 1645 1685 1686 opere,
1714 1642 1756 1672 20

170 1707 255 1734 uno
286 1698 432 1733 tenore
452 1692 497 1732 ni
528 1698 896 1746 permacerantur,
929 1692 1173 1735 dissolvunt
1204 1701 1245 1736 ct
1275 1695 1488 1752 dissipant
1519 1700 1689 1740 tectorii

127 1771 146 1800 2
171 1759 413 1817 politiones.
473 1772 569 1798 cum
606 1765 749 1800 autem
779 1758 927 1800 habita
958 1761 1039 1801 erit
1068 1762 1178 1802 ratio
1209 1764 1528 1817 macerationis,
1571 1771 1611 1805 et
1641 1766 1687 1806 id

171 1827 380 1869 curiosius
418 1840 524 1880 opus
561 1832 863 1881 praeparatum
902 1828 1002 1881 erit,
1043 1835 1236 1870 sumatur
1265 1831 1381 1871 ascia
1413 1837 1453 1872 et
1485 1833 1686 1886 quemad-

174 1894 347 1937 modum
386 1893 564 1934 materia
586 1892 776 1947 dolatur,
818 1895 880 1935 sic
910 1894 1007 1951 calx
1039 1896 1083 1936 in
1113 1895 1209 1938 lacu
1240 1905 1454 1939 macerata
1484 1900 1683 1940 ascietur.

171 1964 207 2004 si
250 1962 304 2003 ad
336 1975 428 2001 eam
465 1959 721 2002 offenderint
760 1961 912 2003 calculi
922 1995 933 2016 7
966 1978 1051 2003 non
1090 1964 1169 2004 erit
1205 1970 1456 2020 temperata.
1504 1982 1684 2022 cumque
1709 1978 1751 2008 ‘25

169 2031 331 2071 siccum
370 2034 410 2069 et
447 2042 602 2085 purum
631 2028 793 2069 ferrum
823 2030 1049 2084 educetur,
1088 2031 1299 2073 indicabit
1330 2047 1420 2073 eam
1454 2034 1682 2075 evanidam

170 2105 210 2140 et
246 2096 524 2138 siticulosam.
586 2110 681 2137 cum
719 2111 822 2138 vero
862 2098 1035 2154 pinguis
1073 2100 1204 2140 fuerit
1236 2106 1276 2140 et
1308 2107 1422 2140 recte
1452 2109 1679 2154 macerata,

167 2167 281 2206 circa
325 2164 371 2205 id
415 2163 722 2204 ferramentum
765 2165 828 2204 uti
873 2164 1087 2219 glutinum
1129 2166 1309 2207 haerens
1356 2168 1471 2207 omni
1516 2169 1681 2209 ratione

165 2231 367 2288 probabit
403 2245 448 2271 se
486 2244 579 2271 essc
608 2236 903 2286 temperatam.
962 2238 1065 2274 tunc
1094 2239 1237 2274 autem
1268 2233 1477 2274 machinis
1510 2250 1677 2291 compa-

254 2359 274 2388 2
299 2359 387 2398 tegu
410 2355 636 2398 lepipedales
666 2360 744 2388 ante
774 2366 865 2388 corr.
893 2357 930 2388 G.
967 2354 982 2399 Η
1012 2358 1032 2388 4
1065 2359 1207 2390 excisos
1237 2359 1328 2391 Joe.:
1363 2358 1526 2391 excelsos
1554 2360 1629 2392 Gll.
1660 2359 1674 2399 {l

165 2416 184 2447 5
209 2413 431 2456 impleantur
462 2412 565 2443 calce
595 2412 668 2444 ἆορ.
696 2412 755 2452 (cf.
781 2411 893 2453 epit.):
932 2412 1104 2454 implet(&
1118 2414 1212 2454 H)ur
1249 2414 1330 2446 calx
1364 2413 1455 2454 (cals
1489 2426 1506 2445 e
1538 2420 1569 2446 el
1599 2421 1676 2447 ante

165 2481 253 2502 corr.
276 2472 296 2507 I,
322 2470 398 2501 item
419 2480 448 2500 υ.
468 2468 501 2509 6)
529 2469 605 2500 GH.
634 2465 650 2510 [Ι
678 2469 696 2500 7
724 2466 1019 2510 confltestateque
1047 2468 1299 2512 (contexteque
1326 2469 1400 2511 eqo)
1427 2470 1674 2502 solidiscendo

168 2525 211 2557 G:
239 2536 299 2557 om.
325 2525 363 2556 H
387 2524 463 2565 (Llc
488 2529 520 2555 et
543 2527 630 2556 linea
645 2524 808 2556 subducta
832 2526 920 2556 delet
945 2524 1016 2565 GC).
1043 2522 1059 2568 Π
1087 2527 1107 2557 9
1132 2526 1307 2578 Πυνοίθιιε
1335 2527 1378 2558 GC
1403 2525 1487 2566 (elz):
1521 2536 1675 2558 nucreus

166 2594 202 2624 Il
227 2589 313 2635 (LI).
343 2589 358 2634 Η
392 2592 431 2623 11
460 2601 502 2623 ex
527 2592 612 2633 pica
637 2592 673 2623 H
699 2590 766 2633 (LI,
793 2602 836 2624 ex
861 2592 941 2634 pice
966 2591 1037 2633 eh):
1063 2603 1123 2625 om.
1152 2594 1179 2625 G
1196 2592 1265 2634 (nbi
1289 2593 1417 2635 grandi
1442 2595 1515 2625 sive
1541 2596 1674 2632 testa-

165 2650 239 2687 cia,
264 2649 327 2680 sed
358 2648 402 2680 G⁶
424 2658 529 2689 supra
558 2648 671 2681 adscr.
704 2647 878 2690 exspica).
911 2646 926 2690 Η
964 2650 1003 2680 17
1035 2649 1318 2681 inmaceratione
1344 2650 1380 2679 ll
1411 2648 1518 2688 (Llc):
1553 2660 1673 2681 mace-

166 2705 308 2736 ratione
334 2702 409 2745 (om.
437 2702 488 2744 in)
517 2703 553 2734 G.
587 2700 602 2746 [l
634 2704 675 2735 18
700 2707 824 2736 tenore
851 2705 925 2737 doc,
951 2703 999 2744 (ut
1023 2716 1051 2738 v.
1078 2706 1121 2736 21
1149 2704 1248 2745 GII):
1281 2708 1438 2745 tempore
1467 2704 1602 2746 (tffporo
1631 2705 1670 2744 G)

169 2761 245 2792 GH.
276 2758 291 2803 ΙΙ
322 2761 365 2792 20
391 2759 520 2791 emitat
543 2763 620 2790 ante
645 2769 735 2793 corr.
763 2761 801 2791 G.
840 2757 854 2802 ΙΙ
894 2760 970 2800 qui:
1010 2762 1059 2792 sic
1091 2761 1166 2795 GH.
1205 2758 1219 2802 Η
1257 2762 1296 2792 21
1330 2761 1365 2790 ni
1395 2770 1454 2801 eqo
1482 2759 1576 2799 (cum
1604 2771 1672 2792 non

166 2815 266 2848 Seleu.
295 2827 364 2848 cum
395 2814 577 2853 Perralt.):
617 2825 696 2847 cum
729 2815 788 2855 (cu
821 2816 862 2855 (ι’)
891 2816 965 2847 Gll.
999 2813 1014 2858 [J
1051 2818 1094 2850 23
1120 2827 1208 2859 opus
1232 2827 1309 2857 eyo:
1341 2826 1447 2856 opere
1476 2816 1552 2848 GH.
1584 2813 1598 2858 [J
1630 2818 1671 2847 ⁶24

167 2870 351 2912 inlinlacu
377 2872 415 2905 G.
444 2869 459 2913 ΙΙ
489 2872 532 2903 28
557 2870 708 2912 glutium
737 2873 773 2905 G.
808 2869 823 2913 ΙΙ
853 2872 895 2903 29
921 2871 1113 2913 probaluit
1144 2883 1182 2904 se
1210 2882 1287 2904 esse
1315 2872 1359 2903 G:
1392 2871 1560 2913 probabit
1591 2882 1670 2904 esse

167 2928 203 2958 H
229 2925 332 2968 (Lle).
