1899 3322
80 521 121 552 10

77 1129 112 1158 11

576 211 638 239 DE
670 210 1022 242 ARcmTEeTrRA
1056 214 1146 243 mn.
1180 215 1242 245 111.
1615 206 1661 246 81

146 310 268 351 ribus
290 309 394 351 locis
417 325 546 367 opera
567 317 640 352 aut
662 312 792 352 etiam
813 313 906 368 ipsa
939 313 1254 369 colossicotera,
1286 315 1473 358 habeant
1502 318 1668 372 magni-

146 377 346 419 tudinum
396 379 618 420 rationem.
695 379 887 435 epistylii
934 380 1115 423 latitudo
1160 384 1203 423 in
1250 384 1333 425 imo
1380 383 1493 440 quod
1539 400 1667 442 supra

148 445 381 502 capitulum
421 447 502 487 erit
540 453 699 502 quanta
737 447 978 489 crassitudo
1017 464 1205 490 summae
1237 450 1457 492 columnae
1487 451 1567 493 sub
1599 467 1665 493 ca-

145 512 282 569 pitulo
322 514 403 554 erit
440 519 560 554 tanta
596 514 692 568 fiat,
733 530 946 555 summum
985 522 1191 571 quantum
1223 518 1331 559 imus
1365 534 1533 575 scapus.
1595 536 1665 577 cy-

146 581 324 621 matium
347 580 539 637 epistylii
562 582 745 638 septima
765 588 887 638 parte
909 597 1010 623 suae
1032 583 1276 626 altitudinis
1310 593 1375 627 est
1405 586 1664 641 faciendum,

146 654 186 688 et
217 649 262 688 in
294 649 536 703 proiectura
566 648 834 690 tantundem.
904 649 1070 706 reliqua
1100 666 1198 707 pars
1231 660 1401 708 praeter
1432 656 1665 710 cymatium

145 715 383 756 dividenda
422 721 487 756 est
524 717 569 756 in
606 723 749 773 partes
788 729 855 758 XII
897 724 938 758 et
977 733 1121 759 earum
1158 719 1288 760 trium
1320 721 1404 760 ima
1435 721 1569 762 fascia
1601 729 1666 763 est

143 781 364 836 facienda,
421 783 608 824 secunda
652 797 744 838 1111,
792 800 955 826 summa
1007 798 1049 826 V.
1123 787 1223 827 item
1272 788 1486 844 zophorus
1537 805 1666 846 supra

144 849 392 906 epistylium
433 857 585 906 quarta
623 858 745 907 parte
775 853 914 894 minor
946 868 1071 909 quam
1103 854 1375 911 epistylium,
1418 856 1484 896 sin
1522 864 1664 898 autem

143 916 285 973 sigilla
306 918 527 972 designari
558 921 817 974 oportuerit,
851 928 1002 976 quarta
1032 928 1154 976 parte
1184 921 1312 964 altior
1344 938 1467 978 quam
1502 925 1661 980 episty-

141 985 267 1038 lium,
307 986 370 1026 uti
407 987 707 1027 auctoritatem
746 987 933 1029 habeant
969 988 1222 1044 scalpturae.
1291 991 1524 1046 cymatium
1564 1007 1664 1032 suae

141 1052 384 1094 altitudinis
406 1055 543 1109 partis
575 1056 802 1110 septimae,
835 1057 1080 1111 proiectura
1102 1058 1278 1113 cymatii
1312 1065 1517 1113 quantum
1551 1074 1662 1099 cras-

141 1120 298 1161 situdo.
358 1136 487 1177 supra.
525 1121 759 1178 zophorum
799 1123 1042 1165 denticulus
1075 1131 1140 1165 est
1170 1124 1394 1166 faciendus
1432 1132 1520 1166 tam
1550 1126 1662 1167 altus

141 1203 268 1243 quam
291 1188 483 1245 epistylii
504 1190 646 1230 media
667 1190 816 1243 fascia,
848 1193 1092 1247 proiectura
1114 1193 1204 1233 eius
1227 1199 1434 1249 quantum
1463 1192 1661 1234 altitudo.

139 1257 408 1310 intersectio,
449 1271 557 1312 quae
597 1272 750 1312 graece
788 1253 954 1313 μετοπη
995 1260 1174 1313 dicitur,
1221 1261 1283 1300 sic
1322 1267 1386 1301 est
1425 1260 1661 1301 dividenda

138 1324 204 1364 uti
241 1323 484 1370 denticulus
522 1324 765 1366 altitudinis
811 1341 911 1367 suae
951 1326 1175 1367 dimidiam
1214 1334 1379 1383 partem
1422 1328 1578 1368 habeat
1617 1330 1660 1369 in

138 1391 294 1445 fronte,
328 1406 482 1432 cavum
503 1399 646 1433 autem
668 1394 983 1434 intersectionis
1005 1394 1130 1435 huius
1157 1394 1311 1436 frontis
1333 1410 1354 1436 e
1384 1394 1522 1436 tribus
1555 1394 1660 1436 duas

139 1465 304 1515 partes,
337 1459 463 1500 huius
495 1461 725 1515 cymatium
757 1460 1000 1501 altitudinis
1034 1462 1122 1502 eius
1155 1468 1321 1503 sextam
1352 1469 1532 1518 partem.
1593 1478 1659 1504 co-

138 1541 243 1568 rona
265 1541 360 1567 cum
382 1541 457 1567 suo
481 1528 688 1582 cymatio,
720 1534 892 1584 praeter
913 1529 1085 1582 simam,
1119 1536 1325 1585 quantum
1356 1529 1497 1570 media
1527 1530 1661 1570 fascia

139 1592 352 1649 epistylii,
403 1595 646 1650 proiectura
696 1611 877 1637 coronae
928 1612 1023 1637 cum
1077 1596 1293 1638 denticulo
1343 1597 1543 1638 facienda-
1596 1604 1659 1639 est

137 1667 343 1718 quantum
381 1663 460 1702 erit
491 1661 674 1705 altitudo
704 1678 729 1704 a
759 1664 947 1720 zophoro
977 1664 1032 1704 ad
1063 1680 1273 1705 summum
1305 1680 1485 1706 coronae
1516 1680 1657 1721 cyma-

136 1731 266 1783 tium,
299 1736 341 1770 et
362 1730 534 1771 omnino
556 1745 700 1770 omnes
724 1731 932 1787 ecphorae
955 1733 1242 1773 venustiorem
1273 1732 1431 1773 habent
1470 1733 1656 1788 speciem

139 1811 247 1852 quae
303 1803 509 1853 quantum
555 1797 797 1838 altitudinis
843 1798 1096 1840 tantundem
1143 1799 1328 1840 habeant
1374 1801 1655 1856 proiecturae.

137 1865 333 1921 tympani
364 1872 507 1905 autem
540 1864 653 1920 quod
686 1872 749 1906 est
780 1866 824 1906 in
855 1866 1030 1920 fastigio
1061 1865 1244 1908 altitudo
1277 1868 1338 1907 sic
1369 1875 1431 1908 est
1459 1866 1655 1907 facienda

229 2010 244 2040 1
274 2008 535 2040 colossicotera
552 2009 646 2041 doru:
675 2008 809 2040 colosi.
825 2007 925 2050 ce(ce
947 2007 1098 2050 GNtera
1119 2010 1154 2044 G,
1176 2009 1309 2041 colossi
1331 2008 1336 2051 1
1359 2010 1434 2051 (fol.
1462 2009 1548 2051 nov.)
1577 2021 1656 2041 cae*

137 2068 215 2097 tera
252 2064 291 2096 ll
328 2062 518 2117 (colosvsi.
538 2064 541 2106 l
560 2063 675 2097 c&era
701 2066 748 2105 L,
776 2065 908 2097 colossi
933 2065 1049 2097 c&era
1074 2068 1092 2100 I,
1121 2066 1249 2098 eollosi
1275 2077 1304 2097 c.
1329 2065 1396 2108 elz).
1428 2063 1442 2108 {l
1474 2066 1655 2107 magnitu-

138 2133 220 2164 ‹linc
252 2133 281 2163 Ic
321 2132 456 2173 (deinde
494 2134 635 2164 ratione
667 2137 745 2164 aule
781 2143 871 2166 corr.
904 2131 948 2174 c).
986 2131 1000 2172 ΙΙ
1039 2135 1058 2164 3
1091 2133 1238 2175 captulo
1273 2136 1310 2165 [ι’.
1349 2132 1364 2176 ΙΙ
1400 2135 1420 2164 4
1452 2134 1531 2164 imis
1567 2135 1608 2166 lc.

139 2182 333 2230 cymatium
360 2188 523 2230 epistylii
549 2190 620 2223 ed.:
650 2188 799 2219 cimatisi
827 2188 990 2230 epistilia
1020 2189 1056 2225 (i,
1085 2189 1232 2230 cymatii
1259 2189 1420 2231 epystilii
1447 2190 1482 2220 II
1508 2187 1567 2228 (L.
1597 2199 1653 2229 cy-

138 2245 243 2275 matii
270 2245 407 2285 egyptii
431 2246 461 2275 lc
489 2242 549 2286 [Π.
581 2241 596 2286 Η
629 2245 646 2275 7
673 2244 744 2276 XII
772 2270 779 2277 .
799 2271 805 2277 .
825 2269 832 2277 .
858 2244 931 2275 IIII
958 2269 965 2277 .
987 2270 1018 2278 ..
1047 2246 1095 2277 V:
1122 2246 1170 2276 sic
1187 2245 1263 2276 GH.
1287 2243 1302 2286 1]
1332 2246 1403 2276 ima
1424 2246 1495 2278 Pol.
1522 2245 1653 2285 (prima

137 2311 246 2350 Jor.):
271 2311 342 2342 iam
371 2311 448 2342 sill.
477 2309 491 2352 Η
523 2313 542 2342 9
568 2312 684 2342 minor
708 2311 819 2342 Rode:
846 2311 962 2342 minus
991 2312 1066 2345 GH.
1101 2310 1115 2353 ΙΙ
1149 2315 1212 2343 aut
1237 2318 1314 2343 ante
1339 2323 1430 2346 corr,
1458 2301 1554 2351 (aut)
1575 2312 1612 2341 ll.

139 2368 178 2397 10
205 2367 314 2398 altior
340 2367 443 2400 PlziA:
478 2367 607 2398 altiors·
639 2368 681 2401 (ι’,
715 2367 882 2398 altiorem
910 2368 945 2398 ll
971 2367 1069 2407 (—r[=
1095 2370 1119 2400 I.
1152 2370 1239 2400 ——rsi
1272 2369 1326 2403 ele,
1361 2378 1443 2398 —rc
1469 2367 1529 2401 L).
1562 2364 1575 2408 [Ι
1612 2368 1650 2397 12

138 2423 346 2463 proiectura
362 2423 456 2456 don:
485 2434 590 2455 —rae
618 2423 717 2465 (—re
739 2422 778 2465 G)
801 2423 876 2456 GH.
910 2420 924 2465 [l
956 2427 1128 2464 quantum
1156 2424 1264 2463 (Mar.
1290 2425 1338 2464 (γ’,
1361 2436 1390 2455 υ.
1417 2425 1471 2454 14.
1488 2425 1539 2455 21.
1568 2425 1651 2452 —ta

137 2478 247 2517 .la(·.):
275 2489 382 2519 quam
410 2477 493 2519 (qua
520 2480 560 2521 (ι’)
591 2480 665 2513 (ill,
689 2477 704 2522 Π
728 2481 768 2510 14
795 2479 915 2510 fascia
939 2479 1030 2511 doen:
1058 2480 1211 2520 fastigia
1230 2481 1305 2511 (ill.
1331 2478 1345 2522 Η
1371 2480 1410 2510 15
1436 2478 1650 2509 intersectio

140 2534 176 2565 ΙΙ
201 2532 258 2574 (L,
285 2535 498 2566 interfectio
524 2536 580 2576 le),
606 2537 656 2567 its:
682 2535 854 2576 (zitcm)
882 2536 995 2566 sectio
1021 2541 1098 2567 ante
1123 2547 1212 2569 corr,
1241 2536 1267 2565 [ι’
1286 2533 1331 2575 (it
1353 2534 1649 2565 sectiozinter-

138 2590 254 2621 sectio
289 2589 362 2631 GC).
401 2588 415 2632 Ιῖ
453 2587 598 2634 μετόπη
629 2591 776 2622 Balclzts:
816 2591 982 2622 metache
1016 2597 1093 2623 (mle
1125 2603 1214 2624 eor-r.
1250 2594 1276 2621 (ι’
1314 2590 1492 2630 (metoche
1527 2587 1648 2626 Gslfl,

138 2663 275 2694 m&oce
303 2663 342 2694 H
366 2663 418 2703 (Ic.
445 2663 510 2695 m&
534 2674 598 2695 oce
625 2668 703 2695 ante
721 2674 811 2698 corr,
838 2664 878 2695 L.
905 2662 969 2695 m&
994 2646 1292 2696 ogezrnctoche
1313 2664 1383 2703 Is).
1407 2660 1421 2704 {l
1447 2663 1485 2693 17
1501 2671 1647 2692 cavum:

966 2708 996 2715 ν

137 2739 248 2761 cavus
277 2730 343 2761 (ill
366 2728 475 2770 (Neue
501 2730 541 2760 L.
570 2730 607 2764 F.
637 2730 665 2766 l,
691 2733 784 2771 552).
815 2728 832 2773 Η
858 2731 1126 2763 intersectionis
1155 2732 1181 2762 (ι’
1200 2730 1278 2770 (l1):
1307 2729 1585 2760 intersectioncs
1615 2729 1648 2758 ΙΙ

137 2782 432 2823 (interfectiones
462 2787 541 2821 lech,
568 2788 668 2818 —nis
698 2792 776 2819 anes>
800 2797 890 2820 corr.
921 2785 960 2826 l).
983 2785 998 2829 Η
1027 2790 1063 2818 et
1094 2787 1210 2817 tribus
1238 2786 1436 2825 (Metti-ibus
1464 2784 1533 2824 (1¹1⁷).
1563 2781 1577 2826 Η
1608 2785 1647 2815 19

138 2840 288 2877 ἲηεοίΞζξι
306 2852 374 2873 cum
391 2853 460 2874 ras.
480 2841 538 2884 (('f·
558 2855 586 2876 v.
607 2843 662 2885 14)
683 2844 744 2875 Hs.
764 2841 777 2885 {J
795 2845 836 2874 22
852 2842 1030 2884 ecphorae
1047 2842 1061 2884 (
1079 2843 1161 2875 —rel
1179 2843 1244 2872 ΙιἸΙ
1263 2842 1315 2881 (lv.
1336 2840 1472 2882 czopho
1485 2840 1487 2880 J
1500 2851 1536 2871 re
1556 2839 1611 2881 L).
1629 2837 1644 2882 Η

136 2896 273 2927 habent
291 2898 362 2929 ed:
389 2898 552 2929 habeant
579 2898 654 2930 GH.
687 2896 703 2941 Π
734 2900 776 2930 ‘23
803 2898 1007 2930 altitudinis
1035 2899 1080 2929 (1¹5
1107 2898 1320 2929 altitudines
1348 2897 1382 2927 ΙΙ
1408 2896 1510 2936 (—nc
1535 2895 1603 2938 elz).

181 2961 333 2985 vrrnuv.
360 2963 404 2985 m:
431 2963 579 2986 Ancni'r.
1354 2950 1379 2990 6

1692 597 1711 628 C!

1690 935 1731 965 10

1690 1274 1729 1304 15

1685 1610 1726 1637 00

1686 1632 1702 1639 ,-
