1909 3322
195 935 211 963 1

195 1273 230 1302 la*

189 1949 208 1979 ¹0

213 1949 231 1980 ῼἾ

218 594 239 625 εἰ

216 934 236 964 Ο

220 1284 234 1302 J

263 205 347 246 222
915 217 1122 247 VITRUVH

263 317 512 358 tricensimo
533 316 675 357 fuerat
695 332 805 359 anno
828 318 872 358 in
893 318 938 358 id
960 320 1219 373 restituitur,
1238 334 1293 360 ex
1315 334 1449 376 eoque
1471 335 1553 376 quo
1568 322 1710 362 minus
1727 322 1782 362 ab

265 390 455 425 extremo
496 383 629 424 distat
667 385 849 438 mundo,
894 392 1012 427 tanto
1050 387 1256 428 maiorem
1302 387 1626 429 circinationem
1664 395 1781 430 rotae

263 451 552 507 percurrendo
581 452 746 494 tardior
775 453 949 494 videtur
980 468 1084 494 esse.
1153 455 1192 494 ei
1230 460 1374 495 autem
1405 455 1477 510 qui
1519 470 1649 511 supra
1679 456 1781 497 solis

262 521 344 560 iter
376 519 679 561 circinationes
710 528 945 577 peragunt⁷
983 522 1173 562 maxime
1205 536 1303 562 cum
1333 523 1379 563 in
1414 524 1585 578 trigono
1623 522 1782 564 fuerint

264 586 379 642 quod
410 587 445 627 is
477 587 644 639 inierit,
677 593 768 628 tum
788 603 875 629 non
905 588 1241 645 progrediuntur
1261 588 1337 629 sed
1368 604 1589 644 regressus
1621 590 1780 631 facien-

261 661 326 695 tes
357 661 598 709 morantur,
632 655 829 711 doneque
861 671 956 696 cum
987 656 1102 696 idem
1134 656 1197 697 sol
1228 656 1281 697 de
1313 671 1360 698 eo
1390 658 1560 712 trigono
1591 658 1636 698 in
1665 657 1782 700 aliud

262 721 432 776 signum
476 723 777 764 transitionem
822 724 985 764 feeerit.
1054 723 1100 764 id
1145 730 1289 765 autem
1327 724 1544 766 nonnullis
1584 726 1645 766 sie
1690 725 1783 766 fieri

261 788 403 845 placet
425 789 539 845 quod
569 791 691 832 aiunt
712 790 859 845 solem,
893 806 989 831 eum
1011 790 1181 846 longius
1203 792 1320 834 absit
1343 792 1561 834 abstantia
1582 793 1781 849 quadam,

261 872 347 898 non
385 857 542 899 lucidis
582 858 811 899 itineribus
851 859 1040 900 errantia
1077 875 1154 915 per
1193 875 1286 900 eain
1324 860 1467 901 sidera
1505 860 1782 903 obscuritatis

261 926 570 967 morationibus
616 925 825 982 inpedire.
899 926 1023 967 nobis
1064 942 1166 968 vero
1213 928 1258 968 id
1304 943 1389 969 non
1427 928 1614 970 videtur.
1679 928 1781 970 solis

263 993 376 1033 enim
408 992 610 1049 splendor
640 993 930 1049 perspicibilis
964 1001 1005 1035 et
1034 1000 1186 1051 patens
1218 996 1311 1036 sine
1341 995 1439 1036 ullis
1471 995 1781 1037 obscurationi-

260 1060 341 1101 bus
374 1068 438 1102 est
469 1076 544 1117 per
575 1075 743 1102 omnem
773 1061 1004 1115 mundum,
1036 1069 1084 1103 ut
1115 1064 1244 1103 etiam
1274 1063 1398 1105 nobis
1420 1070 1656 1120 appareant
1687 1078 1781 1105 eum

259 1128 421 1168 faciant
451 1142 524 1168 eae
563 1127 713 1169 stellae
751 1143 975 1184 regressus
1016 1136 1056 1170 et
1092 1132 1366 1172 morationes.
1434 1146 1534 1187 ergo
1575 1132 1611 1172 si
1648 1131 1781 1172 tantis

259 1194 502 1236 intervallis
541 1202 688 1237 nostra
720 1197 884 1253 species
924 1204 1066 1253 potest
1096 1197 1141 1238 id
1171 1198 1538 1252 animadvertere,
1579 1198 1682 1254 quid
1720 1199 1782 1239 ita

261 1262 565 1304 divinitatibus
588 1262 979 1321 splendoribusque
1000 1272 1213 1307 astrorum
1234 1266 1474 1307 iudicamus
1497 1266 1782 1307 obscuritates

260 1330 372 1371 obici
404 1331 562 1387 posse?
623 1346 724 1385 ergo
756 1333 898 1387 potius
931 1348 980 1373 ca
1010 1335 1118 1375 ratio
1149 1333 1273 1375 nobis
1306 1335 1521 1375 constabit
1554 1334 1667 1390 quod
1699 1333 1780 1374 fer-

259 1412 337 1439 vor
369 1398 729 1454 quemadmodum
751 1414 896 1441 omnes
918 1415 984 1442 res
1009 1408 1160 1443 evocat
1184 1408 1225 1442 ct
1254 1401 1310 1441 ad
1342 1416 1386 1442 se
1409 1401 1542 1455 ducit,
1572 1407 1620 1443 ut
1652 1402 1780 1441 etiam

258 1465 424 1506 fructus
448 1481 469 1506 e
499 1472 614 1507 terra
635 1474 861 1523 surgentes
892 1469 937 1508 in
958 1468 1231 1510 altitudinem
1262 1484 1339 1525 per
1360 1468 1543 1510 calorem
1566 1469 1779 1522 videmus,

257 1548 343 1574 non
373 1534 514 1574 minus
545 1549 681 1590 aquae
712 1550 895 1592 vapores
928 1551 952 1577 a
982 1536 1174 1578 fontibus
1205 1537 1261 1577 ad
1292 1537 1426 1578 nubes
1458 1552 1534 1593 per
1553 1542 1672 1577 'ortus
1706 1551 1778 1576 ex-

259 1601 403 1654 citari,
437 1601 586 1642 eadem
618 1603 784 1644 ratione
816 1603 917 1645 solis
958 1605 1142 1659 impetus
1175 1604 1404 1646 vehemens
1445 1603 1580 1646 radiis
1618 1604 1778 1658 trigoni

258 1668 394 1710 forma
434 1671 645 1725 porrectis
683 1671 960 1727 insequentes
1000 1671 1146 1714 stellas
1185 1672 1241 1713 ad
1278 1686 1324 1713 se
1366 1672 1564 1728 perducit
1602 1677 1643 1712 et
1680 1678 1779 1712 ante

258 1743 476 1778 currentes
499 1737 635 1778 veluti
657 1738 915 1781 refrenando
937 1740 1248 1796 retinendoque
1269 1756 1355 1782 non
1386 1741 1548 1796 patitur
1576 1738 1780 1795 progredi

257 1803 333 1844 sed
363 1804 419 1845 ad
451 1820 496 1846 se
528 1806 644 1860 cogit
674 1806 848 1861 regredi
880 1807 982 1848 dum
1012 1809 1058 1849 in
1088 1807 1264 1849 alterius
1303 1809 1462 1863 trigoni
1494 1808 1665 1861 signum
1696 1812 1779 1847 eat.

370 1872 574 1913 Fortasse
613 1873 932 1916 desiderabitur
978 1877 1083 1931 quid
1121 1877 1182 1916 ita
1220 1875 1282 1917 sol
1321 1877 1470 1931 quinto
1509 1890 1533 1915 a
1571 1889 1617 1914 se
1655 1875 1778 1929 signo

256 1940 399 1994 potius
433 1954 559 1996 quam
599 1942 787 1983 seeundo
829 1949 904 1983 aut
941 1944 1068 1984 tertio
1101 1958 1208 1999 quae
1239 1949 1339 1984 sunt
1369 1943 1570 2000 propiora
1599 1941 1705 1982 facit
1734 1942 1778 1982 in

256 2006 322 2047 his
355 2007 600 2049 fervoribus
631 2010 926 2051 retentiones?
988 2025 1089 2065 ergo
1122 2010 1482 2066 quemadmodum
1513 2010 1558 2050 id
1590 2009 1683 2050 fieri
1713 2009 1776 2049 vi—

348 2181 363 2210 1
392 2180 600 2211 tricensimo
630 2181 695 2211 (ill
727 2180 791 2220 (L,
817 2181 1020 2214 —cessimo
1047 2181 1090 2223 e),
1117 2182 1298 2215 -cesimo
1331 2182 1364 2214 E
1396 2182 1516 2223 (Lcllz).
1549 2179 1563 2223 Η
1596 2183 1615 2213 3
1642 2181 1692 2214 ei:
1729 2181 1778 2213 εἷο

256 2236 368 2267 EGH.
402 2233 417 2279 Η
449 2238 467 2268 5
493 2236 550 2267 his
578 2237 643 2268 GH
670 2235 744 2277 (L).
775 2234 790 2279 Η
823 2239 841 2268 6
875 2238 1040 2279 doneque
1068 2249 1147 2270 eum
1174 2250 1234 2281 e90
1262 2239 1433 2279 (donique
1466 2237 1637 2278 Laelzm.):
1679 2237 1777 2268 deni-

258 2303 325 2333 que
353 2290 523 2334 (deinque
559 2292 616 2333 Ge)
651 2294 693 2323 οὔ
725 2293 840 2327 EGH.
875 2292 889 2335 Η
928 2296 947 2325 9
981 2305 1060 2326 eam
1091 2296 1210 2327 Solem:
1250 2306 1293 2326 ea
1324 2295 1437 2327 ΕΘΗ.
1476 2292 1491 2337 Η
1530 2296 1570 2326 10
1601 2293 1776 2335 impedire

257 2349 373 2382 Solem:
415 2349 571 2390 inpediri
603 2348 717 2380 EGH.
750 2346 764 2390 Η
806 2351 844 2380 11
880 2351 1129 2392 perspicibilis
1162 2353 1201 2382 ΙΙ
1225 2351 1333 2392 (Llc):
1371 2350 1629 2393 perspicabilis
1654 2350 1728 2381 EG.
1758 2347 1773 2392 Η

257 2405 594 2437 obserurationibus
611 2405 637 2436 G
653 2404 731 2444 (non
746 2405 804 2446 E),
825 2411 858 2436 ll!
874 2417 980 2447 supra
996 2419 1030 2448 p.
1046 2409 1123 2447 219,
1143 2410 1198 2440 24.
1224 2405 1238 2449 Η
1264 2409 1303 2438 12
1322 2410 1538 2449 appareant:
1564 2408 1612 2438 sic
1627 2406 1738 2438 EGII.
1757 2402 1772 2447 Η

257 2463 298 2493 13
324 2462 466 2492 faciant
493 2460 616 2502 (—-unt
638 2462 744 2499 ιΙοί·.);
780 2462 919 2493 facient
944 2464 1058 2497 EGH.
1092 2462 1105 2504 Η
1139 2474 1206 2495 eae
1231 2464 1268 2494 ll
1294 2461 1373 2503 (L):
1407 2463 1475 2495 hae
1501 2463 1566 2495 EG
1593 2461 1651 2504 (he
1678 2461 1733 2500 Ic).
1757 2461 1771 2505 Η

258 2518 298 2548 15
324 2517 584 2549 divinitatibus
611 2517 674 2549 EG
701 2516 775 2557 (sed
801 2519 845 2548 (Jc
869 2530 974 2560 supra
998 2519 1013 2549 ἶ
1039 2518 1078 2550 al
1102 2518 1388 2559 divinationib3):
1423 2518 1713 2552 divinationibus
1738 2518 1776 2548 Η

257 2571 362 2613 (Llc).
395 2571 409 2615 Η
441 2573 685 2605 obscuritates
711 2575 782 2605 ed:
810 2575 900 2605 *tis
928 2575 1039 2607 EGH.
1074 2573 1091 2619 Η
1117 2576 1157 2606 16
1183 2575 1278 2606 ratio
1304 2576 1408 2607 nobis
1434 2576 1473 2606 H
1496 2574 1637 2615 (GcLl):
1665 2575 1776 2606 ratio-

258 2630 364 2661 nibus
390 2630 422 2660 E
447 2635 479 2661 et
504 2635 582 2661 (mle
607 2640 696 2663 corr.
726 2630 753 2661 G
779 2630 858 2670 (elz).
891 2628 906 2673 Η
940 2633 978 2663 18
1005 2634 1142 2663 eterra:
1168 2632 1217 2662 sic·
1242 2631 1355 2662 EGH.
1388 2629 1404 2673 Η
1437 2632 1477 2663 19
1502 2634 1604 2662 ortus
1632 2629 1692 2670 (se.
1720 2640 1774 2661 so-

255 2685 317 2725 lis)
345 2696 422 2727 ego:
465 2696 572 2717 arcus
599 2686 710 2717 EGH.
747 2683 761 2728 Η
799 2688 841 2717 ‘20
872 2687 1066 2719 vehemens
1097 2686 1207 2719 radiis
1233 2687 1278 2718 L:
1319 2686 1610 2719 vehemensadiis
1641 2686 1773 2727 1100),

256 2742 452 2773 vehemens
479 2742 572 2773 adiis
598 2743 672 2774 EG.
715 2739 729 2784 Η
765 2744 805 2773 21
832 2743 1000 2784 perducit
1027 2746 1062 2774 et
1087 2747 1171 2775 ante
1196 2744 1287 2775 Joc.:
1321 2743 1489 2785 perducit
1518 2745 1644 2773 tantae
1677 2740 1772 2784 (——te

256 2797 333 2837 EG)
368 2798 480 2831 EGII.
522 2796 537 2841 Η
573 2800 614 2829 23
654 2799 739 2830 adse
772 2799 915 2841 regredi
953 2799 988 2830 in
1028 2800 1179 2831 alterius
1218 2800 1352 2840 trigoni
1389 2800 1530 2841 signum
1562 2808 1639 2830 esse
1672 2798 1776 2829 EGH

258 2851 374 2893 (cogit
400 2856 478 2887 add.
505 2855 597 2891 -soe,
630 2855 797 2887 donicum
830 2859 936 2886 —eat
968 2856 1087 2898 Maru).
1126 2854 1141 2899 Η
1178 2857 1220 2888 ‘25
1253 2855 1422 2896 propiora
1453 2855 1541 2887 Lelex
1586 2858 1772 2899 propriora

258 2909 358 2940 EGll
386 2909 435 2950 (l).
468 2908 482 2953 Η
517 2912 623 2943 facit:
649 2913 697 2943 sie
724 2912 834 2946 EGH.

1811 466 1848 496 ll

1809 1143 1848 1173 12

1806 1883 1846 1914 13
