1899 3322
562 228 623 256 DE
655 225 1008 256 ARcfflTECTrRA
1042 227 1133 255 LlB.
1167 226 1234 255 111.
1606 213 1660 253 69

135 347 205 374 ros
217 364 228 384 ,
260 329 640 387 pseudodiptcros‚
674 327 885 383 dipteros,
910 327 1185 383 hypaethros.
1237 326 1388 367 horum
1410 325 1657 381 exprimun-

92 410 111 439 2
135 407 206 441 tur
234 398 514 440 formationes
545 396 612 437 his
642 395 899 436 rationibus.
959 394 1005 434 in
1035 394 1147 434 antis
1181 394 1259 433 erit
1291 393 1425 444 aedis,
1459 408 1554 434 cum
1585 392 1657 433 ha-

138 466 257 508 bebit
288 466 332 507 in
363 466 504 507 fronte
534 470 656 504 antas
688 463 901 518 parietum
933 462 1007 517 qui
1039 459 1189 501 cellam
1221 460 1584 511 circumcludunt,
1618 467 1657 500 et

136 535 251 575 inter
295 540 418 574 antas
466 532 512 573 in
554 530 697 572 medio
738 529 956 571 columnas
995 527 1127 578 duas,
1177 542 1389 583 supraque
1434 527 1657 582 fastigium

136 600 390 658 symmetria
411 614 458 641 ea
481 598 749 640 conlocatum
780 611 889 653 quae
919 597 964 637 in
994 596 1075 637 hoc
1105 594 1215 636 libro
1246 594 1377 636 fuerit
1408 595 1658 650 perscripta.

136 669 262 710 huius
294 675 438 709 antem
470 665 691 721 exemplar
722 665 801 705 erit
833 663 887 705 ad
918 671 1005 705 tres
1038 662 1252 704 Fortunas
1294 677 1349 703 ex
1379 663 1518 703 tribus
1552 677 1660 718 quae

91 744 111 774 3
137 742 200 778 est
231 735 430 792 proxime
460 740 627 791 portam
660 732 886 774 Collinam.
946 729 1164 787 prostylos
1189 730 1329 771 onmia
1354 729 1484 770 habet
1516 744 1659 785 qnem-

134 803 367 846 admodum
397 802 443 843 in
473 802 609 854 antis,
650 799 866 842 columnas
905 805 1049 839 autem
1087 802 1234 839 contra
1272 803 1394 837 antas
1432 797 1658 852 angulares

136 872 257 924 duas,
291 884 504 927 supraque
526 867 730 925 epistylia
752 866 1112 924 quemadmodum
1135 872 1174 906 et
1197 866 1241 905 in
1272 865 1400 916 antis,
1435 871 1474 905 et
1507 864 1660 905 dextra

135 954 185 980 ac
206 939 384 980 sinistra
405 939 450 978 in
471 937 662 978 versuris
694 934 876 990 singula.
938 934 1064 975 huius
1097 931 1318 987 exemplar
1350 938 1414 973 est.
1445 932 1488 972 in
1519 930 1657 972 insula

91 1013 111 1043 4
136 1007 341 1048 Tiberina
363 1006 407 1046 in
427 1003 533 1045 aede
551 1003 673 1045 Iovis
706 1009 747 1043 et
774 1001 928 1042 Fauni.
979 998 1344 1057 amphiprostylos
1367 1000 1509 1039 omnia
1529 997 1660 1039 habet

137 1090 186 1116 ea
217 1088 325 1130 quae
356 1071 584 1128 prostylos,
617 1077 925 1126 praetereaque
955 1068 1084 1109 habet
1116 1069 1161 1108 in
1192 1068 1357 1124 postico
1389 1066 1444 1108 ad
1476 1066 1659 1107 eundem

91 1150 110 1180 5
135 1142 310 1184 modum
347 1139 565 1181 columnas
607 1145 648 1179 et
685 1138 923 1192 fastigium.
984 1137 1223 1193 peripteros
1254 1141 1397 1176 autem
1439 1135 1520 1175 erit
1552 1148 1660 1189 quae

135 1208 313 1250 habebit
335 1209 379 1249 in
399 1206 541 1248 fronte
563 1212 604 1247 et
625 1206 789 1262 postico
821 1219 944 1246 senas
976 1203 1216 1255 columnas,
1251 1203 1295 1242 in
1326 1201 1532 1242 lateribus
1565 1216 1658 1242 cum

134 1275 414 1332 angularibus
436 1274 644 1316 undenas.
685 1274 744 1314 ita
765 1279 909 1313 autem
941 1272 1027 1312 sint
1057 1270 1137 1311 hae
1159 1269 1382 1311 columnae
1414 1268 1659 1310 conlocatae

135 1352 183 1386 ut
221 1342 540 1385 intercolumnii
577 1340 820 1382 latitudinis
853 1337 1129 1380 intervthun
1169 1338 1223 1378 sit
1254 1351 1277 1377 a
1308 1335 1547 1392 parietibus
1579 1336 1658 1375 cir-

137 1427 233 1454 cum
273 1411 328 1452 ad
368 1416 583 1451 extremos
623 1408 794 1449 ordines
835 1407 1150 1457 columnarum,
1191 1404 1432 1459 habeatque
1469 1401 1659 1443 ambula-

134 1481 296 1522 tionem
344 1478 457 1519 eirca
507 1476 659 1517 cellam
703 1475 844 1528 aedis,
894 1472 1253 1530 quemadmodum
1300 1477 1364 1512 est
1410 1472 1455 1511 in
1492 1471 1660 1525 porticu

136 1546 303 1589 Metelli
340 1545 460 1587 Iovis
500 1543 682 1586 Statoris
721 1541 984 1583 Hermodori
1023 1546 1065 1581 et
1094 1540 1214 1581 aedis
1246 1539 1440 1580 Mariana
1471 1537 1660 1578 Honoris

92 1622 111 1653 6
138 1621 179 1656 et
199 1614 387 1656 Virtutis
411 1613 502 1654 sine
532 1612 698 1668 postico
719 1625 743 1651 a
764 1610 908 1651 Mucio
940 1609 1067 1649 facta.
1124 1605 1487 1664 pseudodipteros
1517 1612 1660 1645 autem

137 1683 199 1724 sic
226 1681 474 1723 conlocatur
502 1686 549 1720 ut
580 1680 626 1719 in
655 1678 797 1719 fronte
829 1684 869 1718 et
900 1677 1065 1732 postico
1098 1676 1185 1716 sint
1216 1673 1437 1714 columnae
1468 1678 1659 1724 octonae,

136 1752 182 1792 in
219 1748 426 1790 lateribus
467 1762 562 1787 cum
593 1745 872 1800 angularibus
905 1745 1058 1800 quinae
1090 1743 1238 1783 (lenae.
1299 1741 1384 1781 sint
1414 1746 1556 1780 autem
1587 1753 1658 1794 pa-

135 1819 265 1859 rietes
306 1814 437 1856 cellae
476 1820 622 1855 contra
661 1819 889 1868 quaternas
930 1811 1147 1853 columnas
1185 1808 1407 1848 medianas
1445 1808 1491 1847 in
1520 1806 1661 1847 fronte

138 1891 180 1927 et
216 1885 396 1942 postico.
457 1883 517 1923 ita
555 1882 735 1922 duorum
773 1879 1198 1920 intercolnmniorum
1238 1882 1277 1916 ct
1315 1876 1426 1916 imae
1457 1875 1658 1915 crassitu—

139 1954 252 1994 dinis
275 1951 498 1993 columnae
529 1949 715 2005 spatium
747 1948 827 1988 crit
856 1947 911 1988 ab
943 1945 1180 2003 parietibus
1213 1944 1326 1984 circa
1356 1941 1412 1982 ad
1444 1948 1658 1982 extremos
1685 1952 1701 1979 ².

138 2020 310 2062 ordines
358 2018 664 2060 columnarum.
738 2015 863 2056 huius
903 2012 1124 2069 exemplar
1162 2012 1323 2052 Romae
1360 2024 1445 2050 non
1483 2015 1547 2049 est
1584 2008 1659 2048 sed

231 2182 243 2211 1
272 2178 408 2221 pseudo
428 2177 503 2218 di(y
520 2177 686 2218 Gtheros
711 2175 882 2217 hypetros
909 2174 974 2207 (ill
1001 2173 1176 2214 (deteros
1201 2172 1280 2203 (ald.
1309 2171 1361 2201 ed.
1387 2170 1437 2199 Fl.
1458 2179 1527 2199 vum
1552 2169 1588 2199 lac
1613 2168 1657 2207 ‘'f-

136 2247 172 2278 p.
194 2232 254 2273 ‘70,
281 2235 329 2275 2).
362 2232 376 2276 Η
409 2236 428 2265 ’2
460 2237 537 2274 post
569 2232 771 2263 rationibus
802 2233 834 2261 l'n
860 2231 959 2263 codd,
987 2230 1070 2268 (till
1095 2229 1175 2266 ete.)
1207 2238 1252 2258 eir
1281 2227 1374 2266 infru
1404 2225 1524 2265 positis
1555 2235 1659 2264 prav-

138 2293 306 2333 rz’piuntm·
322 2290 424 2322 verba
443 2300 464 2321 (ι
482 2289 635 2321 Joeundo
652 2289 796 2328 expulsa
809 2287 892 2318 haee
907 2285 1025 2327 [quem
1045 2284 1235 2316 admodum
1255 2287 1290 2314 et
1308 2283 1343 2313 in
1363 2281 1460 2312 antis
1479 2284 1514 2311 et
1529 2279 1657 2310 dextra

140 2359 183 2380 ac
201 2348 353 2380 sinistra
366 2345 564 2378 inversuris
578 2343 724 2385 singu-la
739 2367 746 2375 .
761 2343 868 2373 huius
886 2340 1086 2383 exemplar]
1105 2342 1140 2371 in
1159 2340 1257 2371 antis
1277 2339 1344 2369 erit
1363 2361 1369 2368 .
1387 2363 1392 2369 .
1410 2362 1417 2369 .
1440 2334 1455 2378 Η
1479 2335 1589 2367 aedes
1606 2336 1658 2365 lm·

141 2405 217 2435 GH.
235 2401 249 2444 ΙΙ
267 2404 287 2435 5
306 2412 397 2444 quae
412 2402 524 2433 Marx:
546 2399 640 2441 quod
660 2397 767 2440 GH.!1
787 2400 823 2429 11
841 2399 1016 2430 Tiberina
1034 2399 1105 2431 ed.:
1123 2396 1308 2427 tiberiana
1329 2394 1404 2425 (ill.
1422 2390 1437 2434 H
1457 2394 1495 2423 12
1516 2393 1656 2433 postico

140 2461 212 2492 εὼς
238 2459 395 2501 posticio
424 2458 490 2489 GH
521 2457 596 2497 (secl
618 2467 648 2487 v.
676 2457 718 2486 14
749 2455 891 2497 postico
916 2453 1052 2494 omnes).
1087 2451 1101 2495 ΙΙ
1136 2454 1175 2483 15
1202 2450 1452 2482 aute111.1]m·.:
1487 2453 1520 2478 ul
1541 2447 1618 2479 GH.

142 2529 182 2559 19
209 2526 357 2557 statoris
385 2525 413 2556 G
431 2523 533 2565 (Lcc),
559 2523 726 2555 startoris
751 2527 827 2553 ante
853 2532 942 2553 (forr.
970 2521 1015 2553 H.
1043 2512 1213 2551 stas-'toris
1240 2518 1311 2557 (sie.
1332 2518 1428 2559 qnasi
1446 2513 1652 2549 staratoris)

142 2584 194 2615 Hc
219 2582 295 2624 (qui
321 2584 393 2613 sine
419 2581 517 2613 (lubio
542 2580 641 2611 voluit
674 2589 714 2610 ar
738 2580 847 2610 deleto
874 2577 1034 2614 statoris,
1061 2581 1095 2608 ut
1119 2580 1212 2607 recte
1237 2574 1403 2605 intellexi-it
1432 2572 1470 2607 L,
1496 2571 1558 2602 sed
1583 2573 1656 2601 sta-

141 2639 276 2671 ratoris
300 2639 339 2669 elz
371 2642 402 2670 et
435 2641 512 2667 aule
544 2645 634 2667 corr.
668 2635 704 2676 l).
745 2634 760 2677 Η
800 2633 1015 2665 Hermodori
1042 2632 1084 2672 (v.
1112 2633 1220 2663 Prisc.
1252 2629 1352 2661 VIII
1373 2640 1410 2669 p.
1439 2629 1519 2659 383.
1547 2629 1566 2655 5
1595 2625 1657 2664 ΙΙ.)

145 2694 333 2727 Turnebus:
361 2691 522 2725 hermodi
549 2692 625 2722 GH.
659 2688 673 2733 [1
706 2691 816 2723 aedes
841 2690 1008 2721 Mariana
1035 2689 1118 2721 Lor.
1148 2688 1206 2727 (ef,
1229 2686 1343 2727 praef.
1375 2683 1452 2714 VII
1474 2688 1505 2713 et
1524 2681 1659 2712 Bet-ker·

144 2752 235 2785 Ro'm.
263 2753 334 2783 All.
360 2749 391 2789 I,
419 2750 586 2788 405—7):
613 2747 827 2779 admarlana
855 2746 930 2778 GH.
963 2743 978 2787 Η
1010 2747 1053 2777 20
1078 2744 1218 2786 portico
1245 2746 1321 2773 ante
1346 2751 1435 2771 corr.
1465 2740 1500 2769 (ι’.
1535 2735 1549 2779 Η
1583 2747 1656 2768 mu-

144 2807 199 2838 cio
225 2807 272 2843 H,
298 2806 411 2837 mutio
439 2805 478 2836 G.
510 2801 525 2846 ΙΙ
556 2804 597 2834 ’22
622 2806 741 2835 autem
768 2804 807 2834 [Ι
829 2801 875 2843 (ec
900 2803 934 2833 in
957 2812 1063 2843 nimy.
1093 2800 1166 2840 G0):
1207 2803 1222 2826 b'
1252 2807 1312 2837 tea·
1336 2797 1507 2836 set-[ptura
1533 2793 1659 2834 Analo-

142 2861 322 2903 saaeonica)
351 2863 378 2894 G
403 2858 463 2901 (cf.
481 2860 574 2900 infra
588 2871 624 2901 p.
644 2861 696 2897 70,
714 2863 734 2890 5
759 2858 850 2899 eta).
883 2855 898 2900 Η
930 2859 973 2889 ⁵24
997 2858 1091 2888 imae
1118 2857 1186 2888 ed.:
1216 2863 1308 2884 unae
1335 2852 1438 2892 (-ne
1465 2850 1505 2890 G)
1535 2850 1610 2883 GH,
1641 2849 1642 2852 ’

144 2919 187 2951 25
213 2918 257 2950 ab
282 2917 485 2960 parietibus
513 2916 550 2955 G,
577 2915 831 2958 apparietibus
859 2915 893 2945 H
919 2912 1159 2955 (aparietibus
1190 2911 1275 2949 lch.

1687 941 1727 971 10

1686 1277 1727 1308 15
