1939 3322
106 607 125 637 U!

84 946 125 976 10

397 221 460 251 DE
490 221 706 252 DIVERSIS
737 221 951 252 FABRICIS
982 220 1433 251 ARCHITECTONICAF..
1591 209 1672 251 307

151 322 287 376 nebit,
321 321 557 378 scripulum
580 323 674 362 auri
707 336 835 377 super
857 323 892 363 si
923 323 1133 378 posueris,
1166 324 1212 363 in
1234 323 1399 378 liquore
1421 321 1673 362 descendet.

149 390 265 431 unde
295 389 522 444 intelleges
554 405 638 431 non
677 389 879 444 ponderis
912 389 985 430 sed
1019 397 1195 431 naturae
1227 405 1321 431 esse
1353 391 1673 431 discretionem.

150 458 296 514 itaque
326 457 363 498 si
393 457 565 498 aurifex
595 457 751 512 pannis
789 456 1016 497 textilibus
1055 458 1258 499 adustum
1288 458 1386 498 rudi
1417 473 1521 499 vaso
1552 456 1676 497 fictili

153 524 280 566 solidi
311 525 405 565 auri
436 524 658 581 pulverem
689 525 808 580 prius
840 523 1067 578 lavaverit,
1101 531 1251 581 postea
1280 526 1465 566 mixtum
1495 531 1674 580 argento

151 593 254 633 vivo
292 591 362 632 vel
399 592 445 632 in
483 606 625 647 panno
667 591 735 632 vel
773 592 818 632 in
857 591 1034 632 linteolo
1075 593 1330 648 comprimes
1361 599 1409 633 ut
1439 592 1579 648 liquor
1609 606 1673 631 ar-

149 660 269 714 genti
301 674 533 715 expressus
575 665 744 700 emanet
775 665 816 700 et
846 674 997 700 aurum
1030 658 1217 700 solidum
1247 661 1506 701 intrinsecus
1536 673 1672 700 rema-

149 733 263 767 neat.
324 741 474 767 verum
512 726 710 783 probatio
748 727 872 767 minii
904 727 967 767 sic
999 727 1080 767 erit
1111 727 1397 768 observanda.
1458 728 1503 767 in
1533 726 1676 767 lamna

149 793 290 835 ferrea
320 796 518 836 mittatur
549 801 590 835 et
622 808 751 850 super
780 795 926 849 ignem
957 800 1142 850 ponatur
1172 794 1338 835 tamdiu
1369 793 1504 835 donec
1534 793 1676 835 lamna

149 862 365 904 rubescat.
416 869 519 903 tunc
549 868 784 903 retractum
813 862 1085 917 refrigescat.
1139 863 1175 903 si
1207 861 1393 903 colorem
1423 877 1510 903 non
1539 868 1673 902 muta-

149 932 275 984 verit,
309 931 518 986 optimum
551 930 645 984 erit,
679 931 715 971 si
746 931 993 983 mutaverit,
1026 930 1229 970 vitiatum
1261 931 1355 971 erit.
1407 929 1570 971 colores
1602 944 1674 970 au-

149 1006 236 1040 tem
267 1012 412 1039 omnes
445 997 574 1038 caleis
604 997 816 1039 mixtione
847 998 1064 1052 corrumpi
1094 997 1372 1038 manifestum
1412 1003 1489 1038 est.
1550 997 1675 1052 chry-

150 1064 308 1107 socolla
339 1080 364 1105 a
394 1065 650 1106 Macedonia
680 1066 816 1119 venit,
848 1065 1013 1106 foditur
1033 1071 1177 1106 autem
1200 1079 1255 1105 ex
1275 1064 1461 1105 metallis
1483 1063 1675 1105 aerariis.

149 1133 389 1173 armenium
434 1138 476 1174 et
514 1132 705 1173 indicum
744 1132 798 1173 ab
841 1133 949 1188 ipsis
996 1133 1241 1174 ostenditur
1287 1132 1444 1188 quibus
1484 1133 1530 1172 in
1570 1131 1674 1172 locis

148 1201 355 1242 nascitur.
405 1202 635 1242 atramenti
666 1215 769 1241 vero
792 1201 1047 1256 compositio
1070 1202 1132 1242 sie
1155 1201 1236 1242 erit
1257 1199 1543 1252 observanda,
1567 1212 1676 1254 quae

142 1284 235 1310 -non
275 1268 410 1309 solum
449 1268 505 1308 ad
542 1283 669 1310 usum
707 1269 902 1324 picturae
940 1269 1185 1310 necessaria
1224 1267 1399 1308 videtur
1439 1267 1513 1308 sed
1547 1267 1675 1307 etiam

148 1336 204 1377 ad
236 1336 476 1377 cotidianas
518 1337 769 1392 scripturas.
830 1335 1076 1377 lacusculus
1109 1350 1241 1377 curva
1272 1349 1438 1376 camera
1471 1340 1675 1375 struatur.

150 1404 250 1445 huic
288 1403 510 1445 fornacula
549 1405 611 1445 sic
642 1405 913 1460 componitur
950 1410 998 1445 ut
1028 1418 1152 1445 nares
1190 1404 1234 1444 in
1266 1401 1482 1443 lacusculo
1521 1401 1678 1442 habeat

151 1486 233 1528 qua
272 1472 415 1513 fumus
454 1472 593 1528 possit
631 1472 805 1512 intrare.
866 1471 1019 1512 taedae
1058 1472 1105 1511 in
1137 1470 1287 1511 eadem
1325 1470 1500 1511 fornace
1530 1469 1674 1509 incen-

151 1540 321 1593 dantur,
355 1553 483 1595 super
512 1539 663 1580 taedas
694 1539 895 1580 ardentes
926 1540 1070 1580 resina
1099 1539 1311 1590 mittatur,
1343 1543 1391 1578 ut
1420 1551 1588 1578 omnem
1609 1537 1674 1577 fu-

88 1643 91 1646 .
149 1622 266 1648 mum
299 1614 341 1648 et
371 1606 598 1662 fuliginem
629 1598 705 1662 per
735 1622 859 1648 nares
890 1608 936 1648 in
960 1606 1223 1647 lacusculum
1246 1606 1475 1662 exprimat.
1527 1610 1676 1660 postea

151 1675 378 1730 fuliginem
416 1674 647 1729 diligenter
679 1680 873 1716 conteres
907 1681 948 1715 et
978 1689 1133 1729 aquam
1164 1673 1220 1714 ad
1250 1673 1424 1714 modum
1455 1673 1601 1712 mittes
1635 1677 1676 1711 et

149 1748 438 1784 atramentum
460 1742 592 1783 facies
614 1741 816 1782 nitidum.
867 1742 1053 1798 pictores
1075 1747 1219 1782 autem
1240 1740 1456 1795 glutinum
1477 1739 1673 1789 miscent,

149 1817 198 1852 ut
234 1810 416 1851 nitidius
457 1824 552 1851 esse
591 1809 805 1850 videatur.
868 1809 944 1851 sed
982 1809 1036 1849 ad
1076 1808 1339 1849 celeritatem
1371 1807 1512 1863 operis
1545 1805 1674 1846 etiam

149 1878 375 1919 taedarum
408 1877 615 1919 carbones
648 1892 745 1918 cum
776 1876 943 1932 glutino
965 1877 1105 1917 attriti
1132 1876 1371 1932 parietibus
1394 1873 1676 1931 praestabunt

151 1946 382 1987 atramenti
414 1946 687 1998 suavitatem,
719 1959 799 1985 nec
828 1945 971 1986 minus
1004 1950 1217 1985 sarmenta
1249 1949 1401 1984 exusta
1430 1948 1471 1982 et
1493 1941 1675 1982 contrita

151 2014 379 2055 atramenti
412 2012 596 2054 colorem
627 2012 924 2054 imitabuntur.
987 2011 1230 2054 sedimenta
1258 2024 1370 2052 uvae
1402 2009 1606 2064 nigrioris
1640 2007 1675 2048 si

151 2083 196 2123 in
228 2083 388 2138 optimo
419 2082 522 2122 vino
552 2095 694 2122 mersa
724 2081 910 2121 arserint
942 2086 983 2121 et.
1013 2086 1163 2136 postea
1194 2084 1348 2120 exusta
1378 2077 1561 2129 fuerint,
1600 2074 1675 2115 ad—

245 2244 260 2273 1
293 2241 490 2283 inliquore:
533 2242 582 2272 sic
622 2252 664 2282 vp
708 2237 756 2281 (nt
795 2239 925 2281 saepe).
962 2237 978 2282 Η
1018 2239 1216 2272 descendet
1254 2238 1366 2270 Man:
1412 2235 1600 2267 descendit
1640 2246 1674 2276 p.

154 2297 334 2330 discendit
364 2310 392 2329 v.
425 2295 440 2339 Η
478 2299 498 2329 3
530 2296 696 2328 adustum
716 2313 759 2317 —
783 2298 930 2338 postea:
975 2297 1024 2327 sic
1061 2307 1114 2337 vp.
1150 2292 1166 2337 Η
1205 2295 1225 2325 4
1255 2293 1361 2325 solidi
1399 2292 1476 2323 auri
1510 2302 1588 2332 eqo:
1621 2301 1677 2322 so—

153 2353 261 2384 lidari
285 2365 338 2395 υρ,
372 2351 387 2395 Η
418 2353 603 2395 pulverem
628 2364 664 2384 v:
703 2351 864 2393 pulveris
890 2363 924 2393 p.
957 2348 972 2394 Η
1009 2351 1193 2383 lavaberit
1217 2362 1251 2383 zv.
1283 2349 1417 2381 laverit
1441 2359 1475 2389 p.
1509 2345 1524 2389 Η
1555 2349 1574 2377 5
1600 2346 1675 2379 len-

154 2409 252 2441 teolo
289 2421 317 2440 v.
358 2407 373 2451 Η
415 2410 629 2451 comprimes
667 2419 744 2449 esso:
786 2405 947 2450 conpmis
983 2419 1018 2447 v,
1060 2407 1229 2449 coprimis
1260 2417 1294 2447 p.
1324 2402 1339 2446 Η
1380 2405 1398 2435 7
1429 2403 1599 2444 probatio
1633 2413 1674 2444 p:

155 2465 366 2508 reprobatio
392 2477 419 2497 v.
442 2463 458 2507 Η
479 2465 602 2497 lamna
619 2476 655 2506 p,
682 2464 858 2495 laminina
886 2463 964 2505 (pro
989 2463 1178 2503 lammina)
1197 2474 1225 2495 υ.
1249 2460 1263 2504 Η
1291 2462 1310 2491 S
1338 2459 1464 2492 tandiu
1482 2464 1559 2491 ante
1585 2469 1675 2490 corr.

154 2534 183 2556 v.
217 2520 232 2564 Η
264 2522 404 2554 lamina
428 2533 484 2563 vp.
515 2519 529 2563 Η
562 2523 581 2552 9
608 2521 781 2552 rubus-eat
807 2532 837 2551 v.
868 2517 883 2562 Η
918 2521 959 2552 10
985 2519 1125 2551 colores
1154 2545 1161 2552 .
1181 2544 1188 2551 .
1210 2546 1215 2552 .
1243 2519 1318 2549 ltine
1336 2527 1449 2548 novum
1466 2526 1540 2556 cap.
1559 2516 1676 2546 statuit

154 2589 187 2619 p.
220 2576 235 2620 Η
269 2579 305 2608 11
337 2577 510 2609 erisicula
534 2589 586 2618 ²⁸7²-
621 2575 635 2618 Η
670 2579 709 2608 12
728 2577 863 2608 foditur
888 2577 962 2607 ech:
991 2575 1151 2607 fodiatur
1166 2586 1219 2616 11]).
1253 2571 1268 2616 Η
1301 2575 1340 2604 13
1367 2571 1564 2603 armenium
1583 2571 1674 2602 Mar.

157 2633 218 2674 (em
248 2633 372 2673 Vim-Q:
400 2636 590 2675 argentum
616 2644 668 2674 11]).
701 2631 716 2675 Η
752 2633 792 2663 16
820 2642 965 2663 camara
990 2642 1024 2672 p.
1054 2629 1069 2673 Η
1100 2633 1139 2663 17
1166 2628 1358 2662 fnrnacula
1382 2640 1410 2659 v.
1444 2625 1458 2668 Η
1492 2627 1531 2657 18
1556 2626 1592 2656 in
1618 2635 1676 2657 ea-

157 2690 236 2721 ‹lem
264 2688 340 2729 (sie)
368 2689 555 2722 fornacem
580 2701 614 2726 v,
648 2690 685 2720 in
712 2688 863 2720 eandem
891 2688 1077 2719 fornacem
1100 2698 1135 2728 p.
1170 2685 1184 2728 Η
1218 2688 1257 2717 19
1289 2685 1404 2716 risina
1430 2694 1482 2724 ΡΙ).
1515 2681 1528 2723 Η
1560 2684 1603 2713 20
1629 2681 1677 2721 (et

156 2746 213 2787 21)
239 2745 428 2785 feliginem
453 2757 481 2777 υ.
509 2743 524 2787 Η
557 2747 595 2777 21
625 2749 792 2776 conteres
818 2746 888 2776 eth:
920 2744 1008 2775 ——ris
1033 2754 1086 2784 vp.
1118 2741 1134 2784 Η
1165 2743 1205 2772 22
1232 2741 1386 2782 pictores
1412 2740 1481 2770 ed.:
1515 2739 1676 2779 picturcs

156 2813 209 2842 vp.
242 2799 257 2844 Η
293 2803 336 2833 23
360 2804 398 2832 ut
424 2803 497 2835 cd.:
524 2802 553 2834 ἃ
578 2813 630 2842 vl).
663 2798 678 2842 Η
709 2802 752 2831 24
776 2800 964 2831 thedarum
991 2811 1044 2840 11]).
1076 2796 1091 2840 Η
1123 2799 1164 2828 ⁵25
1185 2795 1399 2827 atramentis
1423 2806 1476 2835 vp.
1510 2792 1524 2835 Η
1555 2794 1597 2824 26
1623 2803 1676 2824 se-

158 2858 320 2890 dimenta
344 2869 404 2899 6³90
431 2857 575 2897 (zfaex
608 2856 729 2896 l'ier.):
762 2855 826 2887 sed
857 2858 1043 2886 sarmenta
1076 2865 1125 2895 υρ.
1159 2851 1174 2895 Η
1205 2852 1383 2892 nigriores
1412 2861 1465 2891 vl).
1499 2847 1514 2891 Η
1543 2850 1584 2880 27
1618 2858 1675 2880 ar-

160 2913 273 2944 serint
297 2914 370 2944 I'ol.
399 2914 458 2954 (0oe
489 2914 566 2944 Vnt.
596 2913 648 2953 2):
676 2911 845 2942 arderent
869 2922 923 2952 vp.

1318 2957 1406 3001 20*
