1899 3322
584 265 646 294 DE
677 264 1031 295 ARCHITECTURA
1067 266 1157 295 Llss.
1190 266 1219 294 1.
1607 254 1660 294 23

139 369 372 412 distributa
394 369 438 409 in
468 382 624 425 parvas
657 372 802 423 partes
834 380 972 422 neque
1003 367 1208 408 universa
1238 367 1429 423 pondere
1460 381 1659 423 premens

92 452 112 482 8
140 438 298 495 poterit
334 436 421 478 ulla
457 435 622 476 ratione
659 433 891 475 extrudere
921 435 1032 475 muri
1064 435 1421 476 substructiones.
1483 434 1536 475 de
1567 435 1661 490 ipso

137 512 281 548 autem
301 519 423 546 muro
455 518 477 544 e
508 517 591 558 qua
621 503 801 543 materia
833 507 1023 543 struatur
1053 508 1125 542 aut
1156 502 1416 558 perficiatur,
1448 502 1546 544 ideo
1576 518 1662 544 non

140 580 205 623 est
244 571 586 630 praefiniendum
625 569 739 626 quod
776 570 822 610 in
860 569 1057 610 omnibus
1089 569 1194 611 locis
1227 584 1332 625 quas
1365 576 1560 626 optamus
1593 585 1659 611 co-

137 643 246 698 pias,
280 655 350 682 eas
373 654 459 681 non
479 653 707 695 possumus
737 636 911 678 habere.
972 636 1049 678 sed
1078 636 1154 678 ubi
1186 644 1285 678 sunt
1317 652 1421 678 saxa
1452 638 1661 693 quadrata
1687 647 1706 676 5

138 711 232 751 sive
269 707 380 750 silex
420 721 494 748 seu
533 712 799 747 caementum
829 711 904 747 aut
935 711 1081 746 coctus
1112 704 1222 746 later
1252 705 1344 745 sive
1376 705 1554 758 crudus,
1594 705 1661 746 his

138 777 220 818 erit
261 775 485 817 utendum.
564 789 650 815 non
688 774 801 814 enim
837 773 902 813 uti
933 771 1158 828 Babylone
1195 771 1465 813 abundantes
1498 772 1661 828 liquido

136 844 349 886 bitumine
379 858 456 900 pro
488 840 603 883 calce
644 847 685 882 et
716 841 876 882 harena
907 855 962 881 ex
994 846 1114 881 cocto
1146 839 1278 881 latere
1309 840 1470 881 factum
1501 839 1661 882 habent

137 927 330 965 murum,
371 911 432 952 sie
470 911 573 951 item
612 915 793 966 possunt
824 923 971 950 omnes
1003 908 1201 963 regiones
1234 922 1311 949 seu
1342 907 1532 949 locorum
1563 923 1659 963 pro-

136 981 343 1038 prietates
365 978 524 1020 habere
555 984 696 1020 tantas
729 975 922 1018 eiusdem
953 976 1124 1031 generis
1146 974 1357 1016 utilitates
1395 976 1460 1016 uti
1500 989 1554 1015 ex
1593 975 1660 1016 his
1690 982 1730 1013 10

138 1039 533 1104 comparationibus
563 1045 619 1086 ad
650 1045 952 1086 aeternitatem
984 1043 1200 1100 perfectus
1231 1042 1442 1084 habeatur
1473 1043 1564 1084 sine
1598 1044 1659 1084 vi-

134 1117 196 1158 tio
226 1130 390 1157 murus.

94 1197 110 1227 1
250 1182 478 1224 Moenibus
518 1180 798 1222 circumdatis
845 1186 1049 1221 secuntur
1095 1181 1209 1221 intra
1255 1193 1425 1220 murum
1462 1193 1661 1219 arearum
1680 1192 1729 1224 VI

137 1251 373 1292 divisiones
419 1249 744 1306 platearumque
790 1254 831 1289 et
868 1248 1172 1305 angiportuum
1210 1246 1265 1287 ad
1303 1246 1410 1287 caeli
1441 1247 1661 1301 regionem

137 1318 411 1360 directiones.
471 1317 715 1372 dirigentur
735 1315 840 1356 haec
860 1322 1004 1357 autem
1025 1322 1160 1367 recte,
1194 1316 1230 1356 si
1253 1313 1420 1355 exclusi
1451 1320 1575 1355 erunt
1607 1329 1661 1354 ex
1689 1322 1729 1353 15

136 1387 379 1444 angiportis
417 1386 539 1426 venti
576 1384 824 1440 prudenter.
893 1384 967 1440 qui
1005 1383 1041 1425 si
1072 1382 1222 1437 frigidi
1257 1388 1355 1423 sunt
1387 1381 1584 1434 laedunt,
1626 1383 1661 1422 si

138 1453 267 1496 calidi
289 1454 468 1508 vitiant,
503 1453 539 1494 si
560 1451 698 1493 umidi
728 1458 897 1493 nocent.
958 1465 1088 1507 quare
1118 1450 1346 1491 vitandum
1377 1450 1551 1490 videtur
1582 1449 1661 1490 hoc

135 1523 291 1564 vitium
337 1528 378 1562 et
421 1520 738 1562 advertendum
775 1534 828 1560 ne
865 1518 940 1560 fiat
981 1519 1097 1575 quod
1136 1518 1180 1558 in
1218 1517 1364 1559 multis
1407 1517 1659 1558 civitatibus

135 1605 217 1632 usu
256 1589 364 1632 solet
391 1589 565 1642 „venire
639 1586 1001 1644 quemadmodum
1032 1586 1078 1626 in
1107 1584 1248 1627 insula
1278 1585 1421 1627 Lesbo
1454 1585 1659 1641 oppidum

134 1657 348 1715 Mytilene
377 1656 707 1712 magnificenter
738 1662 802 1697 est
832 1654 1108 1696 aedificatum
1140 1660 1181 1695 et
1213 1652 1445 1708 eleganter,
1479 1653 1553 1693 sed
1586 1668 1658 1709 po-
1687 1660 1728 1688 2¹0

136 1727 266 1768 situm
286 1740 372 1767 non
392 1724 641 1782 prudenter.
700 1725 746 1764 in
777 1738 860 1779 qua
891 1723 1069 1763 civitate
1099 1727 1244 1762 auster
1276 1734 1371 1761 cum
1401 1720 1490 1773 flat,
1524 1720 1657 1760 homi-

135 1808 211 1835 nes
250 1799 502 1848 aegrotant,
544 1807 640 1833 cum
679 1806 825 1845 corus,
857 1790 1068 1842 tussiunt,
1109 1803 1205 1829 cum
1237 1788 1494 1844 septentrio,
1535 1787 1656 1827 resti—

136 1867 315 1903 tuuntur
360 1862 406 1901 in
452 1859 748 1901 salubritatem
794 1857 870 1899 sed
915 1858 959 1898 in
1004 1856 1243 1912 angiportis
1290 1862 1331 1896 et
1375 1854 1528 1911 plateis
1573 1869 1660 1895 non

91 1940 110 1970 2
136 1935 316 1986 possunt
367 1928 601 1969 consistere
653 1932 829 1983 propter
873 1924 1189 1965 vehementiam
1233 1922 1423 1978 frigoris.
1505 1929 1657 1963 ventus

135 2002 279 2037 autem
311 2002 375 2037 est
405 1996 516 2036 aeris
547 1994 683 2036 fluens
715 1993 831 2035 unda
862 2008 957 2033 cum
990 1993 1153 2032 incerta
1183 1997 1323 2032 motus
1355 1990 1656 2031 redundantia.

135 2064 326 2105 nascitur
371 2078 466 2104 cum
513 2062 658 2103 fervor
702 2060 880 2102 offendit
923 2074 1116 2101 umorem
1155 2065 1197 2100 et
1233 2059 1419 2115 impetus
1458 2058 1658 2099 tactionis

137 2132 342 2189 exprimit
378 2132 424 2172 vi
462 2131 640 2187 spiritus
677 2129 818 2172 flatus,
884 2127 930 2170 id
960 2134 1104 2168 autem
1134 2141 1286 2167 verum
1318 2140 1412 2167 esse
1440 2140 1499 2174 ,ex
1528 2125 1657 2167 aeoli-

135 2199 236 2256 pilis
281 2200 417 2240 aereis
458 2198 557 2239 licet
594 2197 788 2253 aspicere
827 2203 868 2237 et
906 2195 960 2236 de
996 2194 1230 2236 latentibus
1272 2193 1378 2234 caeli
1416 2194 1657 2235 rationibus

1685 1995 1712 2024 [ὃ

1710 1996 1725 2021 ,Ἰ

231 2350 247 2380 1
274 2349 447 2380 universa
473 2346 631 2389 pondere
663 2347 698 2376 ll
716 2343 826 2385 (Llc):
854 2345 1026 2377 universa
1052 2344 1213 2386 pondera
1241 2346 1277 2374 G.
1308 2341 1323 2385 Η
1358 2346 1376 2374 2
1403 2343 1538 2384 poterit
1563 2342 1655 2374 ulla:

137 2407 186 2437 sic
219 2405 296 2437 GH.
330 2402 344 2445 Η
382 2405 401 2435 7
426 2402 617 2443 babylonii
649 2402 690 2434 L.
723 2400 737 2444 Η
776 2403 796 2433 8
826 2401 1002 2432 uitum‘ine
1033 2405 1110 2432 unte
1135 2411 1225 2432 corr.
1255 2400 1299 2433 H.
1333 2397 1347 2441 Η
1375 2410 1417 2430 ex
1442 2409 1519 2439 egyo:
1549 2398 1577 2429 ἃ,
1609 2397 1658 2438 (et

141 2461 184 2502 G)
219 2461 295 2493 GH.
328 2459 342 2502 Η
374 2462 413 2492 13
445 2465 522 2491 ante
548 2459 739 2491 Moenibus
764 2457 856 2489 rubr.
881 2459 956 2489 mai.
982 2457 1034 2488 XI
1067 2456 1165 2497 (num.
1198 2467 1257 2490 0171.
1288 2458 1341 2495 G).
1394 2456 1449 2486 De
1476 2454 1656 2487 divisione

138 2527 287 2559 operum
313 2526 404 2558 quae
428 2516 524 2547 intra
549 2526 668 2547 muros
701 2518 784 2546 sunt
815 2517 852 2545 et
877 2513 1115 2555 dispositione
1146 2515 1185 2544 ut
1209 2516 1394 2545 ventorum
1426 2512 1524 2542 110in
1550 2512 1658 2543 ssatus

138 2575 298 2606 vitentur
313 2573 390 2604 GH.
414 2570 428 2611 Η
452 2575 623 2603 secuntur
637 2572 672 2602 ll
691 2570 733 2611 (e,
752 2572 951 2610 sequuntur
971 2568 1086 2610 GcLl),
1105 2571 1280 2610 sequntur
1293 2573 1369 2599 ante
1388 2578 1476 2599 corr.
1500 2569 1536 2599 G.
1568 2565 1581 2609 Η
1616 2569 1656 2599 15

137 2629 350 2662 directionis
375 2628 607 2669 dirigentur„
637 2627 716 2670 Hec
744 2629 780 2663 G,
809 2625 1154 2665 de(‹1ill)rectiones
1180 2625 1394 2666 dirigentur.
1444 2623 1536 2655 haec
1570 2623 1641 2664 ΙΙ,Ι

141 2688 181 2718 18
209 2685 470 2717 advertendum
495 2685 565 2717 ed.:
594 2682 830 2716 avertendum
858 2682 933 2715 GH.
966 2679 980 2723 Η
1021 2682 1060 2713 19
1086 2691 1171 2712 usus
1200 2682 1237 2714 G.
1276 2678 1289 2722 Η
1322 2682 1365 2711 ‘20
1396 2679 1593 2721 mytilenae
1630 2681 1657 2710 G

139 2742 194 2782 (L,
222 2752 310 2783 “n‘}
330 2740 375 2783 e),
400 2741 599 2783 mitylenae
627 2741 660 2771 ll
687 2739 863 2780 (mitilene
887 2738 923 2777 l).
944 2735 957 2780 Η
976 2737 1252 2779 magnificentur
1277 2741 1353 2767 aul«
1379 2746 1469 2768 corr,
1499 2736 1535 2768 (i,
1568 2733 1582 2776 Η
1615 2737 1657 2766 22

138 2799 267 2830 chorus
295 2799 370 2829 GH.
405 2795 419 2840 Η
450 2799 493 2829 24
518 2797 658 2839 possint
681 2800 759 2827 (cute
785 2805 873 2827 corr.
902 2795 948 2825 Η.
981 2791 995 2836 Η
1032 2795 1074 2825 26
1100 2792 1274 2825 metionis
1305 2802 1365 2832 esso
1399 2790 1456 2831 (ef.
1483 2791 1514 2829 J,
1543 2794 1573 2831 (i,
1602 2793 1654 2824 11.

144 2855 185 2895 V,
212 2858 241 2891 9,
269 2857 299 2886 b'.
337 2854 446 2891 VIII,
481 2856 510 2890 2,
540 2856 572 2885 3.
600 2851 663 2894 4.):
696 2850 871 2883 factionis
906 2851 980 2884 GH.
1015 2848 1030 2892 Η
1068 2851 1109 2881 27
1143 2849 1177 2880 vi
1203 2859 1280 2888 eyn:
1314 2847 1384 2878 vim
1420 2847 1496 2878 GH.
1516 2845 1530 2888 Η
1548 2847 1656 2878 flatus

140 2910 177 2941 ll
195 2910 304 2951 (Llc):
324 2910 447 2941 flatum
469 2911 506 2943 G.
531 2907 545 2950 Η
570 2920 613 2940 ex
633 2906 951 2950 eolypihslaereis
970 2908 1004 2938 in
1020 2917 1088 2937 ras.
1111 2908 1154 2935 (1¹⁶
1174 2904 1232 2944 (cx
1260 2908 1300 2941 Jss
1319 2903 1414 2945 ssjms
1434 2914 1454 2934 ιι
1470 2914 1524 2944 pr.
1545 2914 1582 2934 m.
1611 2904 1652 2935 G:

140 2971 255 2998 celera
272 2967 425 2997 radendo
443 2965 576 2997 abstulit
594 2963 802 3004 c·0r1·e(·c07·):
830 2974 872 2996 ex
893 2962 1009 2995 acohs
1029 2972 1124 2994 acris
1142 2962 1178 2993 Il
1198 2961 1252 3002 (L,
1273 2972 1315 2993 cx
1335 2959 1472 2994 accolis
1491 2960 1585 2992 aeris
1599 2959 1654 2999 le).
