1909 3322
160 956 200 985 10

158 1966 177 1995 10

181 1967 200 1995 27!

227 230 281 270 36
881 236 1089 266 VITRUVII

227 343 358 382 siores
398 340 540 381 fabros
581 353 675 379 esse
715 352 759 379 se
791 338 1108 394 profiterentur.
1171 352 1268 378 cum
1300 353 1400 394 ergo
1431 340 1539 381 haec
1569 341 1630 381 ita
1661 340 1750 381 fue-

225 410 311 449 rint
331 409 467 464 primo
490 407 725 447 constituta
748 412 788 446 et
809 412 962 446 natura
992 420 1078 446 non
1109 404 1246 446 solum
1278 406 1478 448 sensibus
1509 410 1753 449 ornavisset

228 482 376 531 gentes
409 473 771 529 quemadmodum
801 472 968 528 reliqua
998 472 1221 527 animalia,
1255 473 1333 514 sed
1364 475 1493 515 etiam
1524 476 1750 530 cogitatio-

226 542 351 582 nibus
399 548 439 582 et
485 540 675 582 consiliis
723 542 982 582 armavisset
1018 547 1182 581 mentes
1231 548 1272 582 et
1312 542 1570 583 subiecisset
1609 549 1753 584 cetera

225 608 427 649 animalia
450 609 532 650 sub
563 615 790 665 potestate,
823 615 926 649 tune
957 623 1059 649 vero
1092 623 1113 649 e
1144 608 1502 651 fabricationibus
1534 609 1751 651 aedificio-

223 692 317 717 rum
339 676 554 731 gradatim
575 677 794 733 progressi
815 676 871 717 ad
893 682 1056 717 ceteras
1088 683 1202 717 artes
1235 684 1276 718 et
1307 676 1573 734 disciplinaS,
1609 692 1630 718 e
1663 678 1753 718 fera

224 745 471 800 agrestique
524 745 615 785 vita
663 743 719 784 ad
770 750 1037 785 mansuetam
1082 743 1381 800 perduxerunt
1425 745 1751 787 humanitatem.

224 819 314 852 tum
353 819 497 853 autem
535 813 796 853 instruentes
836 813 979 852 animo
1010 827 1056 852 se
1088 818 1129 853 et
1167 813 1482 869 prospicientes
1516 814 1750 855 maioribus
1783 830 1791 851 ι

225 880 558 934 cogitationibus
583 894 637 920 ex
658 880 867 920 varietate
888 880 1045 920 artium
1076 881 1212 933 natis,
1244 895 1330 921 non
1362 894 1481 921 casas
1514 881 1591 922 sed
1622 881 1751 922 etiam

226 947 372 989 domos
413 947 615 988 fundatas
656 954 696 988 et
727 947 931 988 latericiis
963 947 1199 1003 parietibus
1231 955 1304 988 aut
1337 963 1358 987 e
1389 947 1534 1004 lapide
1566 955 1751 990 structas

225 1016 487 1071 materiaque
510 1021 550 1055 et
570 1014 717 1070 tegula
738 1021 873 1055 tectas
903 1014 1108 1070 perficere
1140 1022 1385 1071 coeperunt,
1419 1015 1576 1056 deinde
1607 1016 1750 1058 obser-

225 1082 471 1124 vationibus
511 1082 748 1123 studiorum
799 1096 820 1122 e
866 1082 1125 1137 vagantibus
1171 1083 1345 1124 iudiciis
1392 1090 1433 1124 et
1478 1084 1654 1125 incertis
1696 1084 1751 1124 ad

225 1157 362 1191 certas
385 1150 732 1206 symmetriarum
756 1149 1052 1205 perduxerunt
1073 1151 1274 1191 rationes.
1316 1158 1595 1207 posteaquam
1615 1152 1749 1192 anim-

224 1217 508 1259 adverterunt
530 1216 728 1273 profusos
752 1231 845 1258 esse
866 1224 1014 1272 partus
1036 1217 1091 1258 ab
1122 1224 1275 1259 natura
1305 1220 1513 1260 materiae
1545 1225 1586 1260 et
1615 1219 1750 1261 abun-

225 1284 397 1326 dantem
445 1286 612 1341 copiam
656 1285 712 1324 ad
757 1284 1077 1325 aedificationes
1126 1285 1181 1326 ab
1220 1300 1269 1325 ea
1307 1293 1617 1343 comparatam,
1665 1293 1749 1328 tra-

225 1353 379 1393 ctando
401 1353 644 1393 nutrierunt
666 1358 707 1392 et
727 1359 897 1393 auctam
919 1367 995 1408 per
1015 1359 1129 1393 artes
1161 1361 1422 1395 ornaverunt
1453 1353 1750 1410 voluptatibus

225 1420 481 1474 elegantiam
504 1420 630 1459 vitae.
691 1420 826 1474 igitur
857 1420 909 1460 de
940 1420 1006 1460 his
1038 1420 1166 1461 rebus
1198 1436 1305 1476 quae
1336 1428 1435 1462 sunt
1465 1422 1510 1462 in
1539 1421 1749 1463 aedificiis

225 1488 280 1527 ad
318 1502 440 1528 usum
472 1487 672 1539 idoneae,
714 1487 869 1542 quibus
910 1488 995 1528 sint
1035 1487 1314 1543 qualitatibus
1355 1496 1396 1530 et
1427 1504 1531 1545 quas
1564 1489 1750 1531 habeant

227 1555 410 1595 virtutes
440 1561 487 1595 ut
517 1562 664 1610 potero
696 1554 848 1595 dicam.

340 1622 426 1664 Sed
448 1623 484 1662 si
507 1623 579 1677 qui
602 1622 655 1662 de
677 1622 827 1663 ordine
858 1622 984 1662 huius
1016 1621 1117 1663 libri
1149 1623 1370 1680 disputare
1401 1625 1601 1678 voluerit,
1635 1625 1748 1680 quod
1775 1634 1795 1663 8

226 1690 444 1745 putaverit
489 1703 585 1729 eum
630 1690 815 1744 primum
861 1690 1031 1730 institui
1081 1693 1351 1746 oportuisse,
1403 1707 1456 1732 ne
1507 1699 1629 1748 putet
1680 1707 1749 1732 me

226 1758 440 1797 erravisse
485 1757 548 1796 sic
592 1756 769 1796 reddam
816 1757 1039 1798 rationem.
1110 1772 1206 1798 cum
1245 1773 1398 1815 corpus
1436 1760 1750 1801 architecturae

225 1824 479 1878 scriberem,
527 1825 663 1879 primo
710 1823 927 1864 volumine
966 1825 1117 1880 putavi
1156 1826 1312 1880 quibus
1353 1826 1668 1868 eruditionibus
1708 1835 1749 1868 et

226 1891 467 1947 disciplinis
516 1898 630 1931 esset
677 1898 825 1932 ornata
865 1906 1080 1947 exponere
1119 1892 1328 1948 finireque
1372 1895 1747 1937 terminationibus

227 1960 317 1999 eius
365 1960 528 2014 species
576 1966 616 1999 et
663 1974 684 1998 e
725 1959 881 2014 quibus
918 1960 1046 2001 rebus
1087 1967 1199 2000 esset
1237 1968 1338 2002 nata
1377 1961 1534 2003 dicere.
1602 1963 1747 2018 itaque

226 2026 329 2081 quid
369 2032 563 2081 oporteat
604 2041 696 2066 esse
736 2027 791 2066 in·
818 2027 1072 2081 architecto,
1112 2027 1174 2068 ibi
1214 2030 1508 2084 pronuntiavi.
1569 2044 1670 2085 ergo
1701 2031 1746 2070 in

224 2094 362 2148 primo
395 2092 448 2133 de
478 2094 583 2133 artis
615 2093 778 2147 officio,
811 2094 856 2133 in
886 2094 965 2135 hoc
996 2095 1049 2135 de
1080 2095 1347 2137 naturalibus
1379 2098 1586 2137 materiae
1615 2097 1744 2138 rebus

226 2174 350 2214 quem
389 2160 574 2201 habeant
610 2176 734 2201 usum
774 2160 1019 2216 disputabo.
1080 2178 1263 2218 namque
1294 2164 1364 2204 hic
1396 2164 1505 2205 liber
1535 2180 1620 2206 non
1650 2180 1745 2221 pro—

226 2227 370 2267 fitetur
400 2228 513 2268 unde
544 2228 832 2270 architectura
862 2236 1084 2283 nascatur,
1124 2231 1199 2270 sed
1230 2231 1345 2271 unde
1376 2233 1564 2286 origines
1595 2232 1742 2272 aedifi-

317 2412 330 2440 1
360 2422 396 2441 se
415 2422 475 2444 om..
497 2411 534 2444 G,
555 2409 610 2450 (δὲ
630 2410 914 2453 profiterentur).
937 2410 951 2454 Η
975 2415 994 2443 2
1013 2423 1084 2444 non
1102 2414 1215 2445 solum
1234 2415 1273 2444 H
1290 2414 1447 2454 (G‹·Lle):
1474 2426 1543 2446 non
1564 2415 1643 2457 plus
1663 2416 1702 2449 G.
1724 2415 1738 2455 (J

226 2466 245 2495 4
272 2469 409 2497 mentes
437 2467 503 2497 GH
529 2466 590 2505 (L,
619 2470 742 2507 gentes
768 2468 822 2506 Ic).
856 2466 869 2509 Η
908 2470 926 2499 5
954 2479 970 2498 e
998 2470 1083 2502 Phil.
1112 2469 1171 2510 (ef.
1194 2481 1230 2510 p.
1259 2472 1290 2506 2,
1317 2469 1392 2510 19):
1419 2470 1447 2502 Sa
1473 2473 1520 2510 (et
1547 2472 1588 2511 G)
1616 2471 1692 2505 GH.
1722 2469 1737 2513 Η

224 2522 243 2549 8
269 2526 343 2552 tum
371 2523 405 2552 ll
431 2521 487 2561 (L,
515 2522 558 2552 es}
578 2522 642 2561 lc):
668 2526 752 2553 tunc
782 2524 819 2555 (ι’.
852 2521 865 2564 Η
899 2525 1059 2556 animose
1089 2525 1155 2556 GH
1180 2525 1248 2564 (LI,
1275 2527 1436 2568 animose
1455 2528 1521 2567 eh),
1554 2524 1568 2569 Η
1600 2528 1741 2569 prospi-

226 2577 383 2608 cientes:
416 2576 495 2617 e(ae
520 2581 596 2608 ante
622 2588 690 2610 ras.
720 2578 1036 2620 H)prospieientes
1070 2581 1145 2612 Gll.
1184 2579 1199 2622 Η
1239 2582 1280 2613 10
1310 2582 1422 2614 donos
1456 2583 1494 2616 G.
1528 2581 1542 2624 Η
1582 2586 1618 2614 et
1648 2582 1739 2614 late-

227 2633 344 2663 riciis:
376 2634 425 2663 sic
453 2633 528 2663 Gll.
569 2631 583 2674 Η
624 2635 660 2664 11
696 2637 813 2664 tectas
848 2637 889 2665 G:
928 2639 1026 2667 tecta
1055 2637 1089 2667 H
1116 2636 1218 2676 (Δία).
1249 2634 1264 2679 Η
1304 2640 1344 2669 14
1370 2642 1495 2679 partus
1529 2639 1573 2668 ab
1607 2642 1740 2669 natura

227 2689 401 2719 materiae
425 2689 500 2719 ¹loc.
531 2687 566 2728 (i.
595 2700 622 2719 e.
658 2699 736 2719 esse
764 2690 808 2720 ab
836 2695 965 2722 natura
992 2696 1117 2733 partus
1146 2694 1321 2724 materiae
1348 2695 1392 2734 ef.
1417 2687 1457 2735 p.
1481 2697 1534 2730 37,
1562 2694 1613 2732 6):
1657 2705 1737 2735 par—

226 2746 282 2773 tus
311 2745 355 2774 ab
383 2746 536 2775 naturae
563 2745 718 2776 materia
747 2746 779 2775 ll
800 2747 873 2783 (Le,
901 2749 1061 2779 maten-ize
1081 2748 1118 2789 l),
1145 2752 1270 2789 partus
1296 2753 1425 2781 nature
1444 2750 1642 2780 admateria
1659 2750 1696 2783 G,
1732 2751 1733 2790 1

230 2800 268 2827 l:'›
294 2800 433 2839 copiam
462 2800 505 2832 G:
534 2801 716 2841 copiarum
745 2801 780 2831 H
806 2801 908 2840 (Ll‹·).
943 2802 957 2844 Η
990 2806 1030 2835 18
1057 2804 1186 2845 quibus
1205 2806 1277 2836 sint
1302 2805 1520 2846 (quibusque
1540 2806 1736 2845 sintJoe.):

227 2864 424 2905 quibusque
443 2870 524 2896 sunt
551 2855 602 2906 (s—tz
628 2865 668 2907 (ι’)
698 2866 773 2897 GH.
814 2865 829 2909 Η
875 2870 914 2898 19
946 2873 1071 2909 potero
1103 2873 1175 2904 effi:
1215 2875 1363 2912 potuero
1397 2872 1472 2905 GH.
1503 2870 1518 2914 Η
1557 2874 1600 2903 ‘20
1624 2873 1736 2913 siqui:

223 2920 270 2948 ,sle
299 2920 373 2950 (ill.
407 2919 421 2961 Η
453 2923 493 2951 22
513 2921 691 2953 sicredam
709 2928 786 2954 ante
804 2933 893 2954 corr.
916 2924 959 2957 H.
984 2922 998 2965 Η
1022 2927 1063 2956 ‘25
1082 2930 1168 2958 nota
1189 2928 1225 2958 G.
