1899 3322
536 241 597 269 DE
629 241 983 271 ARCHITECTURA
1016 244 1228 273 LlB.V111.
1558 234 1639 275 205

124 341 211 382 sint
241 342 315 397 qui
346 342 458 382 circa
492 356 563 383 eos
596 340 735 383 fontes
767 341 965 384 habitant
995 343 1212 397 homines,
1254 351 1295 386 et
1326 346 1363 386 si
1394 353 1518 387 erunt
1549 360 1638 387 cor-

122 409 300 464 poribus
331 408 601 462 valentibus,
642 409 856 451 coloribus
888 411 1062 463 nitidis,
1104 412 1300 453 cruribus
1338 429 1424 455 non
1453 414 1638 467 vitiosis,

122 490 208 516 non
245 475 375 533 lippis
409 475 564 530 oculis,
605 484 729 518 crunt
774 478 1082 533 probatissimi.
1149 480 1252 519 item
1292 481 1328 520 si
1367 480 1463 522 fons
1500 496 1638 522 novus

122 544 264 585 fossus
296 544 427 585 fuerit
459 551 500 584 et
530 544 576 584 in
597 559 673 585 vas
697 545 971 586 Corinthium
993 546 1086 586 sive
1117 545 1293 587 alterius
1325 549 1494 602 generis
1526 547 1639 603 quod

122 612 202 652 erit
225 626 280 652 ex
299 625 398 652 aere
427 611 538 652 bono
562 627 611 652 ea
632 628 742 668 aqua
765 628 915 669 sparsa
936 612 1145 654 maculam
1166 629 1252 655 non
1282 614 1447 669 fecerit⁷
1479 618 1638 671 optima
1688 624 1707 653 5

123 686 201 720 est.
250 679 440 734 itemque
462 680 506 720 in
537 694 668 721 aeneo
700 681 737 720 si
770 695 817 721 ea
847 695 959 736 aqua
990 680 1283 722 defervefacta
1317 689 1358 723 ct
1396 690 1542 738 postea
1574 698 1637 723 re-

122 747 266 802 quieta
306 753 347 788 ct
388 745 540 787 defusa
578 747 711 789 fuerit
748 762 887 803 neque
926 749 971 789 in
1010 750 1101 789 eius
1140 750 1263 790 aenei
1301 749 1434 791 fundo
1478 750 1640 791 harena

123 819 199 854 aut
229 812 358 855 limus
397 814 664 868 invenietur,
706 830 753 856 ea
791 830 903 871 aqua
942 816 1022 856 erit
1058 817 1162 857 item
1200 816 1394 872 probata.
1461 818 1564 857 item
1603 819 1638 858 si

121 880 341 936 legumina
373 882 417 922 in
438 896 514 923 vas
538 897 633 923 cum
664 898 711 923 ea
742 898 853 939 aqua
877 884 1069 924 coniecta
1098 883 1154 924 ad
1184 885 1328 939 ignem
1360 885 1499 940 posita
1531 884 1638 925 ccle-

120 950 224 989 riter
263 955 461 1005 percocta
493 950 676 1004 fuerint,
715 950 971 992 indicalmnt
1001 966 1156 1007 aquam
1189 966 1283 992 esse
1313 951 1470 992 bonam
1503 959 1543 993 et
1575 967 1637 992 sa·
1667 961 1706 991 10

119 1015 301 1056 lubrem.
369 1032 454 1058 non
486 1018 614 1058 etiam
645 1019 787 1059 minus
826 1019 921 1075 ipsa
959 1034 1069 1074 aqua
1109 1034 1216 1074 quae
1256 1020 1337 1060 erit
1367 1020 1412 1060 in
1453 1019 1571 1061 fonte
1603 1020 1639 1060 si

119 1082 251 1124 fuerit
272 1082 452 1140 limpida
475 1091 516 1126 et
545 1084 788 1141 perlucida,
823 1100 992 1142 quoque
1014 1087 1260 1142 pervenerit
1280 1094 1355 1127 aut
1386 1087 1639 1143 profluxerit

118 1166 291 1192 muscus
322 1167 408 1193 non
437 1159 638 1194 nascetur
659 1168 798 1209 neque
829 1155 1005 1206 iuncus,
1036 1169 1175 1210 neque
1205 1155 1456 1210 inquinatus
1485 1154 1539 1196 ab
1561 1154 1638 1195 ali-

119 1234 202 1275 quo
224 1219 548 1275 inquinamento
570 1221 606 1262 is
638 1219 756 1261 locus
780 1221 909 1262 fuerit
932 1222 1008 1263 sed
1039 1237 1190 1277 puram
1214 1221 1414 1263 habuerit
1435 1223 1636 1278 speciem7

76 824 95 854 ¹0

121 1287 315 1328 innuitur
345 1287 412 1328 his
445 1288 581 1343 signis
614 1303 706 1329 esse
736 1290 879 1330 tenuis
913 1296 954 1330 et
985 1290 1029 1330 in
1060 1304 1225 1330 summa
1255 1289 1524 1331 salubritate.
1666 1301 1705 1331 15

52 1363 111 1405 (V)
235 1354 361 1395 Nunc
401 1355 454 1395 (le
491 1355 845 1411 perductionibus
877 1358 932 1398 ad
971 1357 1258 1398 habitationes
1290 1359 1553 1413 >moeniaque
1592 1365 1637 1398 ut
1656 1366 1705 1397 VI

119 1421 213 1462 fieri
255 1428 449 1478 oporteat
487 1422 729 1480 explicabo.
798 1425 917 1466 cuius
948 1426 1058 1466 ratio
1097 1432 1160 1466 est
1196 1426 1334 1481 prima
1372 1424 1637 1481 perlibratio.

119 1488 304 1531 libratur
333 1497 477 1531 autem
508 1490 690 1547 dioptris
721 1499 795 1533 aut
825 1493 948 1534 libris
969 1493 1159 1548 aquariis
1180 1500 1254 1534 aut
1285 1492 1530 1546 chorobate,
1562 1493 1638 1534 scd

120 1556 372 1612 diligentius
406 1557 594 1599 efficitur
624 1574 700 1615 per
731 1560 1013 1614 chorobaten,
1047 1560 1161 1616 quod
1192 1560 1387 1617 dioptrae
1416 1560 1638 1617 libraeque

118 1623 288 1666 fallunt.
358 1625 611 1668 chorobates
642 1634 785 1668 autem
826 1635 889 1669 est
927 1627 1073 1683 regula
1112 1628 1239 1683 longa
1272 1630 1444 1669 circiter
1479 1629 1638 1685 pedum
1664 1640 1706 1669 20

118 1692 290 1746 viginti.
352 1708 401 1733 ea
431 1693 562 1734 habet
582 1709 765 1736 ancones
792 1696 837 1736 in
858 1695 1072 1751 capitibus
1096 1697 1298 1737 extremis
1320 1695 1491 1752 aequali
1511 1696 1637 1738 modo

118 1759 333 1814 perfectos
373 1760 504 1816 inque
534 1761 708 1816 regulae
740 1762 955 1819 capitibus
986 1762 1041 1803 ad
1078 1779 1268 1805 normam
1301 1771 1637 1819 coagmentatos,

119 1833 160 1867 et
191 1827 303 1867 inter
331 1827 526 1882 regulam
557 1836 597 1870 et
627 1844 812 1871 ancones
843 1846 868 1871 a
897 1830 1146 1872 cardinibus
1171 1838 1391 1887 compacta
1420 1839 1636 1873 transver-

118 1895 251 1946 saria,
285 1909 394 1949 quae
424 1895 584 1938 habent
614 1896 750 1938 lineas
781 1897 837 1938 ad
868 1898 1223 1955 perpendiculum
1254 1906 1370 1940 recte
1397 1899 1636 1956 descriptas

120 1961 440 2018 pendentiaque
480 1978 535 2004 ex
579 1964 727 2020 regula
773 1966 1081 2022 perpendicula
1126 1968 1171 2007 in
1208 1966 1393 2021 singulis
1439 1967 1636 2025 partibus
1662 1976 1704 2006 ‘25

209 2190 228 2222 3
253 2189 374 2232 lyppis
398 2194 438 2223 lc.
472 2189 486 2233 Η
519 2192 549 2223 si
575 2198 652 2225 (mle
677 2204 771 2226 corr.
797 2205 856 2225 om.
886 2194 912 2226 G
938 2194 1017 2232 (non
1044 2195 1101 2235 E).
1134 2193 1149 2237 Η
1187 2206 1298 2228 novos
1323 2201 1400 2227 ante
1425 2207 1515 2228 corr.
1545 2196 1588 2228 ΙΙ.

117 2247 137 2277 4
163 2245 282 2278 fossus
309 2246 435 2278 fuerit:
461 2250 509 2279 sic
534 2249 647 2283 EGII.
680 2247 695 2292 Η
728 2249 840 2291 quod:
868 2251 951 2291 quia
977 2251 1009 2281 E
1035 2250 1112 2291 (secl
1135 2252 1229 2293 quod
1253 2264 1358 2294 snpra·
1384 2252 1459 2294 Ec).
1491 2251 1506 2295 Η
1538 2255 1556 2285 G
1583 2257 1637 2285 est

121 2302 152 2341 (ῖ-
180 2302 238 2338 G5:
271 2303 320 2333 sic
345 2303 447 2334 EGH
474 2303 552 2344 (Llc
576 2310 608 2336 ec
633 2310 710 2337 ante
735 2317 825 2338 corr.
850 2307 886 2344 le,
912 2308 982 2338 erit
1005 2306 1069 2348 lec)
1104 2305 1120 2350 Η
1157 2309 1176 2339 9
1202 2308 1343 2340 coiecta
1377 2309 1409 2339 ΙΙ
1443 2307 1521 2349 (L)
1555 2320 1636 2340 con

119 2358 218 2389 ieeta
251 2358 315 2389 EG
346 2357 416 2400 (lc).
449 2357 463 2402 Η
498 2362 537 2393 10
569 2361 785 2393 indicabunt
816 2373 964 2404 aquam:
1004 2365 1052 2395 sis·
1081 2364 1194 2397 EGll.
1224 2362 1238 2407 Η
1272 2365 1634 2407 121i1n1›i‹la—p1--0

119 2414 267 2447 fluxerit
298 2415 347 2447 bis·
378 2417 538 2458 deinceps
567 2420 680 2459 ])ο.“ςιιῑί
710 2419 747 2448 ΙΙ
779 2418 825 2458 (et
852 2420 896 2456 Ι,
930 2430 993 2452 ηοη
1024 2419 1080 2461 lc).
1115 2417 1129 2462 Η
1168 2420 1357 2462 perlucida
1389 2432 1544 2463 quoquc:
1586 2424 1635 2453 sic

121 2468 282 2514 5:611.ss
314 2473 545 2512 profluxerit.
572 2475 621 2505 si(-
648 2472 807 2517 [5671.ss
841 2476 880 2506 13
907 2475 1034 2507 iuncus
1060 2477 1129 2508 esd
1157 2477 1301 2509 iuncum
1330 2476 1388 2517 (cu
1418 2479 1457 2517 (ι’)
1484 2478 1547 2509 ΕΗ
1553 2478 1594 2509 ΙΙ.

122 2528 163 2557 14
182 2527 232 2559 is:
251 2527 306 2558 his
327 2528 362 2558 ll
381 2527 472 2568 (ante
490 2540 578 2561 corr.
599 2528 655 2571 L).
674 2528 688 2572 Η
710 2533 747 2563 15
767 2531 930 2562 innuitur
948 2531 1132 2571 (innuetur
1148 2533 1256 2574 Joe.):
1278 2534 1436 2565 inbuit-ur
1455 2532 1632 2570 (zinuui-

119 2586 176 2613 tur
198 2594 264 2624 pro
289 2584 465 2626 innuitur)
492 2585 530 2615 Il
555 2585 664 2627 (mc),
692 2587 864 2618 imbuitur
892 2587 962 2619 Eli.
995 2585 1010 2630 Η
1044 2590 1082 2620 17
1110 2590 1212 2620 cuius
1244 2591 1337 2621 ratio
1358 2607 1395 2611 —
1422 2600 1632 2622 succurren-

120 2638 201 2669 dum
229 2638 290 2680 (ml
308 2642 367 2680 sin.
395 2641 486 2682 cap.)
512 2653 572 2674 om.
599 2642 642 2674 E.
676 2639 690 2685 Η
725 2644 764 2674 18
790 2643 943 2674 diobtris
971 2644 1037 2674 (ill
1062 2644 1166 2686 (Lle).
1201 2644 1215 2687 Η
1249 2648 1288 2677 19
1315 2646 1551 2677 clnorobutcn:
1584 2648 1633 2678 sic

123 2695 198 2726 Gll.
237 2692 251 2737 Η
290 2696 454 2728 diobtrae
491 2698 556 2729 GH
588 2698 766 2740 (dioptrae
800 2699 889 2739 Llc).
923 2697 938 2741 Η
976 2699 1165 2742 libraeque
1197 2701 1400 2743 (libi-equae
1434 2703 1484 2737 ΙΙ,
1514 2702 1630 2736 librae

121 2752 141 2793 f
158 2772 250 2803 quae
277 2764 307 2795 L
333 2766 459 2796 inserto
477 2776 499 2796 α
514 2776 603 2797 corr.
625 2754 702 2796 l:
720 2766 834 2807 sunt):
862 2766 953 2809 libre
967 2767 1041 2809 tiue
1070 2768 1097 2799 G
1115 2767 1191 2807 (sed
1209 2770 1253 2800 (1¹0
1268 2780 1374 2810 supra
1401 2770 1598 2811 q'zquc).

120 2819 159 2848 21
187 2818 318 2860 viginti
343 2820 380 2850 Il
406 2819 515 2861 (Lle);
542 2821 608 2852 XX
637 2824 674 2854 G.
703 2821 717 2863 Η
747 2822 896 2862 aequali
921 2823 1025 2855 modo
1051 2824 1089 2854 ll
1113 2822 1221 2864 (Lle):
1249 2824 1413 2865 aequalis
1441 2825 1533 2856 modi
1555 2828 1591 2858 (ι’.
1614 2825 1627 2865 Η

120 2875 161 2904 ⁶22
188 2878 465 2915 eoagmentatos
493 2877 535 2908 G:
568 2880 712 2909 —tatus
746 2879 781 2908 ll
807 2878 912 2918 (Llc).
944 2877 958 2921 Η
997 2881 1039 2912 23
1072 2880 1279 2911 cordinibus
1311 2885 1389 2911 aule
1419 2892 1510 2913 eor-r.
1544 2882 1582 2915 (i.

120 2933 301 2973 conpacta
330 2932 356 2962 (ι’
381 2932 466 2973 (l20):
495 2936 694 2975 conpactat
720 2934 754 2964 ll
781 2933 858 2974 (Llc
883 2939 915 2966 et
939 2940 1016 2968 auce
1041 2946 1130 2968 corr.
1156 2937 1203 2977 lt).
