<?xml version="1.0" encoding="UTF-8"?>
<!DOCTYPE html PUBLIC "-//W3C//DTD XHTML 1.0 Transitional//EN"
    "http://www.w3.org/TR/xhtml1/DTD/xhtml1-transitional.dtd">
<html xmlns="http://www.w3.org/1999/xhtml" xml:lang="en" lang="en">
 <head>
  <title>
</title>
<meta http-equiv="Content-Type" content="text/html;charset=utf-8" />
  <meta name='ocr-system' content='tesseract 3.04.00' />
  <meta name='ocr-capabilities' content='ocr_page ocr_carea ocr_par ocr_line ocrx_word'/>
</head>
<body>
  <div class='ocr_page' id='page_1' title='image "./dearchitecturali00vitruoft_0042.png"; bbox 0 0 1909 3322; ppageno 0'>
   <div class='ocr_carea' id='block_1_1' title="bbox 146 964 185 993">
    <p class='ocr_par' dir='ltr' id='par_1_1' title="bbox 146 964 185 993">
     <span class='ocr_line' id='line_1_1' title="bbox 146 964 185 993; baseline -0.026 0"><span class='ocrx_word' id='word_1_1' title='bbox 146 964 185 993; x_wconf 90' lang='lat'>10</span> 
     </span>
    </p>
   </div>
   <div class='ocr_carea' id='block_1_2' title="bbox 148 1301 187 1331">
    <p class='ocr_par' dir='ltr' id='par_1_2' title="bbox 148 1301 187 1331">
     <span class='ocr_line' id='line_1_2' title="bbox 148 1301 187 1331; baseline 0.051 -2"><span class='ocrx_word' id='word_1_2' title='bbox 148 1301 187 1331; x_wconf 77' lang='lat'>15</span> 
     </span>
    </p>
   </div>
   <div class='ocr_carea' id='block_1_3' title="bbox 209 235 1071 276">
    <p class='ocr_par' dir='ltr' id='par_1_3' title="bbox 209 235 1071 276">
     <span class='ocr_line' id='line_1_3' title="bbox 209 235 1071 276; baseline -0.003 0"><span class='ocrx_word' id='word_1_3' title='bbox 209 235 263 276; x_wconf 79' lang='grc'>24</span> <span class='ocrx_word' id='word_1_4' title='bbox 860 244 1071 274; x_wconf 78' lang='lat' dir='ltr'><strong>VITRUVII</strong></span> 
     </span>
    </p>
   </div>
   <div class='ocr_carea' id='block_1_4' title="bbox 209 345 1784 2093">
    <p class='ocr_par' dir='ltr' id='par_1_4' title="bbox 209 345 1784 2026">
     <span class='ocr_line' id='line_1_4' title="bbox 210 345 1729 403; baseline 0 -15"><span class='ocrx_word' id='word_1_5' title='bbox 210 347 450 388; x_wconf 89' lang='lat' dir='ltr'>artificiosis</span> <span class='ocrx_word' id='word_1_6' title='bbox 483 359 624 386; x_wconf 88' lang='lat' dir='ltr'>rerum</span> <span class='ocrx_word' id='word_1_7' title='bbox 654 345 980 386; x_wconf 79' lang='lat' dir='ltr'>inventionibus</span> <span class='ocrx_word' id='word_1_8' title='bbox 1020 345 1264 388; x_wconf 85' lang='lat' dir='ltr'>divinitatis</span> <span class='ocrx_word' id='word_1_9' title='bbox 1297 348 1541 403; x_wconf 81' lang='lat' dir='ltr'>exprimere</span> <span class='ocrx_word' id='word_1_10' title='bbox 1573 348 1729 388; x_wconf 81' lang='lat' dir='ltr'>verita-</span> 
     </span>
     <span class='ocr_line' id='line_1_5' title="bbox 212 411 1730 471; baseline -0.001 -15"><span class='ocrx_word' id='word_1_11' title='bbox 212 422 310 456; x_wconf 85' lang='lat' dir='ltr'>tem.</span> <span class='ocrx_word' id='word_1_12' title='bbox 372 413 477 453; x_wconf 90' lang='lat' dir='ltr'>fiunt</span> <span class='ocrx_word' id='word_1_13' title='bbox 509 413 621 452; x_wconf 87' lang='lat' dir='ltr'>enim</span> <span class='ocrx_word' id='word_1_14' title='bbox 660 411 886 469; x_wconf 87' lang='lat' dir='ltr'>aeolipilae</span> <span class='ocrx_word' id='word_1_15' title='bbox 924 428 1075 455; x_wconf 86' lang='lat' dir='ltr'>aereae</span> <span class='ocrx_word' id='word_1_16' title='bbox 1114 429 1259 455; x_wconf 85' lang='lat' dir='ltr'>cavae.</span> <span class='ocrx_word' id='word_1_17' title='bbox 1320 414 1401 455; x_wconf 90' lang='lat' dir='ltr'>hae</span> <span class='ocrx_word' id='word_1_18' title='bbox 1430 414 1592 456; x_wconf 89' lang='lat' dir='ltr'>habent</span> <span class='ocrx_word' id='word_1_19' title='bbox 1622 430 1730 471; x_wconf 88' lang='lat' dir='ltr'>pun--</span> 
     </span>
     <span class='ocr_line' id='line_1_6' title="bbox 212 480 1732 538; baseline 0 -16"><span class='ocrx_word' id='word_1_20' title='bbox 212 489 325 522; x_wconf 89' lang='lat' dir='ltr'>ctum</span> <span class='ocrx_word' id='word_1_21' title='bbox 368 480 724 535; x_wconf 85' lang='lat' dir='ltr'>angustissimum</span> <span class='ocrx_word' id='word_1_22' title='bbox 771 496 854 536; x_wconf 87' lang='lat' dir='ltr'>quo</span> <span class='ocrx_word' id='word_1_23' title='bbox 892 496 1004 537; x_wconf 89' lang='lat' dir='ltr'>aqua</span> <span class='ocrx_word' id='word_1_24' title='bbox 1042 481 1330 524; x_wconf 87' lang='lat' dir='ltr'>infunduntur</span> <span class='ocrx_word' id='word_1_25' title='bbox 1368 482 1732 538; x_wconf 81' lang='lat' dir='ltr'>conlocanturque</span> 
     </span>
     <span class='ocr_line' id='line_1_7' title="bbox 209 548 1731 606; baseline 0 -17"><span class='ocrx_word' id='word_1_26' title='bbox 209 549 264 589; x_wconf 87' lang='lat' dir='ltr'>ad</span> <span class='ocrx_word' id='word_1_27' title='bbox 286 550 451 603; x_wconf 90' lang='lat' dir='ltr'>ignem,</span> <span class='ocrx_word' id='word_1_28' title='bbox 485 554 526 588; x_wconf 89' lang='lat' dir='ltr'>et</span> <span class='ocrx_word' id='word_1_29' title='bbox 546 554 777 604; x_wconf 79' lang='lat' dir='ltr'>antequam</span> <span class='ocrx_word' id='word_1_30' title='bbox 799 548 1014 591; x_wconf 78' lang='lat' dir='ltr'>calescant</span> <span class='ocrx_word' id='word_1_31' title='bbox 1044 565 1129 591; x_wconf 88' lang='lat' dir='ltr'>non</span> <span class='ocrx_word' id='word_1_32' title='bbox 1159 549 1319 591; x_wconf 90' lang='lat' dir='ltr'>habent</span> <span class='ocrx_word' id='word_1_33' title='bbox 1349 549 1484 591; x_wconf 90' lang='lat' dir='ltr'>ullum</span> <span class='ocrx_word' id='word_1_34' title='bbox 1515 550 1731 606; x_wconf 89' lang='lat' dir='ltr'>spiritum,</span> 
     </span>
     <span class='ocr_line' id='line_1_8' title="bbox 211 615 1731 673; baseline 0.001 -16"><span class='ocrx_word' id='word_1_35' title='bbox 211 615 337 657; x_wconf 82' lang='lat' dir='ltr'>simul</span> <span class='ocrx_word' id='word_1_36' title='bbox 374 621 517 656; x_wconf 88' lang='lat' dir='ltr'>autem</span> <span class='ocrx_word' id='word_1_37' title='bbox 553 621 601 656; x_wconf 91' lang='lat' dir='ltr'>ut</span> <span class='ocrx_word' id='word_1_38' title='bbox 631 615 800 657; x_wconf 86' lang='lat' dir='ltr'>fervere</span> <span class='ocrx_word' id='word_1_39' title='bbox 832 619 1071 673; x_wconf 81' lang='lat' dir='ltr'>coeperint,</span> <span class='ocrx_word' id='word_1_40' title='bbox 1111 617 1305 658; x_wconf 87' lang='lat' dir='ltr'>efficiunt</span> <span class='ocrx_word' id='word_1_41' title='bbox 1342 617 1398 658; x_wconf 87' lang='lat' dir='ltr'>ad</span> <span class='ocrx_word' id='word_1_42' title='bbox 1428 618 1574 672; x_wconf 82' lang='lat' dir='ltr'>ignem</span> <span class='ocrx_word' id='word_1_43' title='bbox 1604 617 1731 658; x_wconf 84' lang='lat' dir='ltr'>vehe-</span> 
     </span>
     <span class='ocr_line' id='line_1_9' title="bbox 209 683 1732 742; baseline 0.001 -19"><span class='ocrx_word' id='word_1_44' title='bbox 209 689 396 724; x_wconf 88' lang='lat' dir='ltr'>mentem</span> <span class='ocrx_word' id='word_1_45' title='bbox 426 683 590 724; x_wconf 86' lang='lat' dir='ltr'>flatum.</span> <span class='ocrx_word' id='word_1_46' title='bbox 649 684 709 724; x_wconf 87' lang='lat' dir='ltr'>ita</span> <span class='ocrx_word' id='word_1_47' title='bbox 741 685 850 726; x_wconf 89' lang='lat' dir='ltr'>scire</span> <span class='ocrx_word' id='word_1_48' title='bbox 883 691 923 726; x_wconf 89' lang='lat' dir='ltr'>et</span> <span class='ocrx_word' id='word_1_49' title='bbox 954 685 1146 726; x_wconf 87' lang='lat' dir='ltr'>iudicare</span> <span class='ocrx_word' id='word_1_50' title='bbox 1177 684 1277 726; x_wconf 89' lang='lat' dir='ltr'>licet</span> <span class='ocrx_word' id='word_1_51' title='bbox 1309 700 1330 725; x_wconf 91' lang='lat' dir='ltr'>e</span> <span class='ocrx_word' id='word_1_52' title='bbox 1361 700 1495 742; x_wconf 80' lang='lat' dir='ltr'>parvo</span> <span class='ocrx_word' id='word_1_53' title='bbox 1526 684 1732 726; x_wconf 78' lang='lat' dir='ltr'>brevissi-</span> 
     </span>
     <span class='ocr_line' id='line_1_10' title="bbox 209 749 1733 809; baseline 0.002 -18"><span class='ocrx_word' id='word_1_54' title='bbox 209 765 363 806; x_wconf 87' lang='lat' dir='ltr'>moque</span> <span class='ocrx_word' id='word_1_55' title='bbox 386 749 629 807; x_wconf 87' lang='lat' dir='ltr'>spectaculo</span> <span class='ocrx_word' id='word_1_56' title='bbox 653 750 705 791; x_wconf 89' lang='lat' dir='ltr'>de</span> <span class='ocrx_word' id='word_1_57' title='bbox 736 752 906 807; x_wconf 86' lang='lat' dir='ltr'>magnis</span> <span class='ocrx_word' id='word_1_58' title='bbox 939 758 980 793; x_wconf 87' lang='lat' dir='ltr'>et</span> <span class='ocrx_word' id='word_1_59' title='bbox 1011 753 1257 807; x_wconf 77' lang='lat' dir='ltr'>inmanibus</span> <span class='ocrx_word' id='word_1_60' title='bbox 1290 752 1399 793; x_wconf 89' lang='lat' dir='ltr'>caeli</span> <span class='ocrx_word' id='word_1_61' title='bbox 1421 759 1733 809; x_wconf 85' lang='lat' dir='ltr'>ventorumque</span> 
     </span>
     <span class='ocr_line' id='line_1_11' title="bbox 209 818 1779 873; baseline 0.001 -14"><span class='ocrx_word' id='word_1_62' title='bbox 209 824 387 859; x_wconf 86' lang='lat' dir='ltr'>naturae</span> <span class='ocrx_word' id='word_1_63' title='bbox 438 818 677 859; x_wconf 86' lang='lat' dir='ltr'>rationibus</span> <span class='ocrx_word' id='word_1_64' title='bbox 842 819 1007 862; x_wconf 80' lang='lat' dir='ltr'>exclusi</span> <span class='ocrx_word' id='word_1_65' title='bbox 1065 821 1227 862; x_wconf 87' lang='lat' dir='ltr'>fuerint</span> <span class='ocrx_word' id='word_1_66' title='bbox 1245 853 1255 873; x_wconf 93' lang='lat'>,</span> <span class='ocrx_word' id='word_1_67' title='bbox 1309 836 1394 863; x_wconf 89' lang='lat' dir='ltr'>non</span> <span class='ocrx_word' id='word_1_68' title='bbox 1449 820 1586 862; x_wconf 90' lang='lat' dir='ltr'>solum</span> <span class='ocrx_word' id='word_1_69' title='bbox 1643 820 1732 861; x_wconf 84' lang='lat' dir='ltr'>effi-</span> <span class='ocrx_word' id='word_1_70' title='bbox 1760 830 1779 860; x_wconf 86' lang='lat'><strong>3</strong></span> 
     </span>
     <span class='ocr_line' id='line_1_12' title="bbox 212 886 1735 942; baseline 0.003 -17"><span class='ocrx_word' id='word_1_71' title='bbox 212 886 326 926; x_wconf 89' lang='lat' dir='ltr'>cient</span> <span class='ocrx_word' id='word_1_72' title='bbox 370 886 620 942; x_wconf 86' lang='lat' dir='ltr'>corporibus</span> <span class='ocrx_word' id='word_1_73' title='bbox 668 886 913 928; x_wconf 72' lang='lat' dir='ltr'>valentibus</span> <span class='ocrx_word' id='word_1_74' title='bbox 952 886 1092 929; x_wconf 87' lang='lat' dir='ltr'>locum</span> <span class='ocrx_word' id='word_1_75' title='bbox 1131 887 1369 940; x_wconf 79' lang='lat' dir='ltr'>salubrem,</span> <span class='ocrx_word' id='word_1_76' title='bbox 1416 889 1492 929; x_wconf 89' lang='lat' dir='ltr'>sed</span> <span class='ocrx_word' id='word_1_77' title='bbox 1530 889 1660 929; x_wconf 86' lang='lat' dir='ltr'>etiam</span> <span class='ocrx_word' id='word_1_78' title='bbox 1699 888 1735 929; x_wconf 90' lang='lat' dir='ltr'>si</span> 
     </span>
     <span class='ocr_line' id='line_1_13' title="bbox 211 953 1733 1012; baseline 0.003 -20"><span class='ocrx_word' id='word_1_79' title='bbox 211 953 284 1009; x_wconf 88' lang='lat' dir='ltr'>qui</span> <span class='ocrx_word' id='word_1_80' title='bbox 321 953 461 994; x_wconf 90' lang='lat' dir='ltr'>morbi</span> <span class='ocrx_word' id='word_1_81' title='bbox 500 968 555 994; x_wconf 77' lang='lat' dir='ltr'>ex</span> <span class='ocrx_word' id='word_1_82' title='bbox 592 953 689 998; x_wconf 84' lang='lat' dir='ltr'>aliis</span> <span class='ocrx_word' id='word_1_83' title='bbox 721 955 842 996; x_wconf 88' lang='lat' dir='ltr'>vitiis</span> <span class='ocrx_word' id='word_1_84' title='bbox 875 955 985 997; x_wconf 88' lang='lat' dir='ltr'>forte</span> <span class='ocrx_word' id='word_1_85' title='bbox 1015 962 1267 1009; x_wconf 87' lang='lat' dir='ltr'>nascentur,</span> <span class='ocrx_word' id='word_1_86' title='bbox 1301 957 1373 1012; x_wconf 89' lang='lat' dir='ltr'>qui</span> <span class='ocrx_word' id='word_1_87' title='bbox 1406 957 1451 997; x_wconf 93' lang='lat' dir='ltr'>in</span> <span class='ocrx_word' id='word_1_88' title='bbox 1482 957 1636 997; x_wconf 88' lang='lat' dir='ltr'>ceteris</span> <span class='ocrx_word' id='word_1_89' title='bbox 1669 970 1733 997; x_wconf 88' lang='lat' dir='ltr'>sa-</span> 
     </span>
     <span class='ocr_line' id='line_1_14' title="bbox 211 1020 1734 1078; baseline 0.002 -17"><span class='ocrx_word' id='word_1_90' title='bbox 211 1020 408 1061; x_wconf 86' lang='lat' dir='ltr'>lubribus</span> <span class='ocrx_word' id='word_1_91' title='bbox 432 1020 536 1063; x_wconf 87' lang='lat' dir='ltr'>locis</span> <span class='ocrx_word' id='word_1_92' title='bbox 558 1021 718 1063; x_wconf 81' lang='lat' dir='ltr'>habent</span> <span class='ocrx_word' id='word_1_93' title='bbox 749 1023 992 1064; x_wconf 80' lang='lat' dir='ltr'>curationes</span> <span class='ocrx_word' id='word_1_94' title='bbox 1024 1023 1265 1065; x_wconf 87' lang='lat' dir='ltr'>medicinae</span> <span class='ocrx_word' id='word_1_95' title='bbox 1297 1025 1559 1078; x_wconf 85' lang='lat' dir='ltr'>contrariae,</span> <span class='ocrx_word' id='word_1_96' title='bbox 1592 1025 1638 1064; x_wconf 89' lang='lat' dir='ltr'>in</span> <span class='ocrx_word' id='word_1_97' title='bbox 1667 1023 1734 1064; x_wconf 90' lang='lat' dir='ltr'>his</span> 
     </span>
     <span class='ocr_line' id='line_1_15' title="bbox 211 1089 1734 1147; baseline 0.002 -19"><span class='ocrx_word' id='word_1_98' title='bbox 211 1094 387 1144; x_wconf 85' lang='lat' dir='ltr'>propter</span> <span class='ocrx_word' id='word_1_99' title='bbox 424 1095 758 1145; x_wconf 82' lang='lat' dir='ltr'>temperaturam</span> <span class='ocrx_word' id='word_1_100' title='bbox 799 1089 1046 1132; x_wconf 82' lang='lat' dir='ltr'>exclusione</span> <span class='ocrx_word' id='word_1_101' title='bbox 1077 1098 1304 1133; x_wconf 87' lang='lat' dir='ltr'>ventorum</span> <span class='ocrx_word' id='word_1_102' title='bbox 1336 1091 1582 1147; x_wconf 77' lang='lat' dir='ltr'>expeditius</span> <span class='ocrx_word' id='word_1_103' title='bbox 1615 1105 1734 1132; x_wconf 87' lang='lat' dir='ltr'>cura-</span> 
     </span>
     <span class='ocr_line' id='line_1_16' title="bbox 210 1156 1735 1214; baseline 0.003 -19"><span class='ocrx_word' id='word_1_104' title='bbox 210 1156 385 1196; x_wconf 89' lang='lat' dir='ltr'>buntur.</span> <span class='ocrx_word' id='word_1_105' title='bbox 454 1157 562 1197; x_wconf 87' lang='lat' dir='ltr'>vitia</span> <span class='ocrx_word' id='word_1_106' title='bbox 599 1163 743 1197; x_wconf 85' lang='lat' dir='ltr'>autem</span> <span class='ocrx_word' id='word_1_107' title='bbox 781 1164 880 1198; x_wconf 85' lang='lat' dir='ltr'>sunt</span> <span class='ocrx_word' id='word_1_108' title='bbox 920 1174 1028 1214; x_wconf 84' lang='lat' dir='ltr'>quae</span> <span class='ocrx_word' id='word_1_109' title='bbox 1077 1159 1311 1201; x_wconf 87' lang='lat' dir='ltr'>difficulter</span> <span class='ocrx_word' id='word_1_110' title='bbox 1356 1166 1560 1201; x_wconf 85' lang='lat' dir='ltr'>curantur</span> <span class='ocrx_word' id='word_1_111' title='bbox 1595 1160 1640 1200; x_wconf 91' lang='lat' dir='ltr'>in</span> <span class='ocrx_word' id='word_1_112' title='bbox 1671 1173 1735 1199; x_wconf 85' lang='lat' dir='ltr'>re—</span> 
     </span>
     <span class='ocr_line' id='line_1_17' title="bbox 211 1223 1735 1282; baseline 0.003 -19"><span class='ocrx_word' id='word_1_113' title='bbox 211 1223 412 1278; x_wconf 86' lang='lat' dir='ltr'>gionibus</span> <span class='ocrx_word' id='word_1_114' title='bbox 444 1238 552 1279; x_wconf 87' lang='lat' dir='ltr'>quae</span> <span class='ocrx_word' id='word_1_115' title='bbox 583 1231 682 1265; x_wconf 88' lang='lat' dir='ltr'>sunt</span> <span class='ocrx_word' id='word_1_116' title='bbox 714 1240 844 1281; x_wconf 86' lang='lat' dir='ltr'>supra</span> <span class='ocrx_word' id='word_1_117' title='bbox 876 1227 1061 1282; x_wconf 81' lang='lat' dir='ltr'>scripta-e</span> <span class='ocrx_word' id='word_1_118' title='bbox 1093 1227 1217 1280; x_wconf 87' lang='lat' dir='ltr'>haec,</span> <span class='ocrx_word' id='word_1_119' title='bbox 1250 1228 1482 1281; x_wconf 77' lang='lat' dir='ltr'>gravitudo</span> <span class='ocrx_word' id='word_1_120' title='bbox 1513 1228 1735 1280; x_wconf 79' lang='lat' dir='ltr'>arteriace,</span> 
     </span>
     <span class='ocr_line' id='line_1_18' title="bbox 213 1290 1737 1350; baseline 0.002 -19"><span class='ocrx_word' id='word_1_121' title='bbox 213 1292 366 1344; x_wconf 86' lang='lat' dir='ltr'>tussis,</span> <span class='ocrx_word' id='word_1_122' title='bbox 407 1290 628 1346; x_wconf 86' lang='lat' dir='ltr'>pleuritis,</span> <span class='ocrx_word' id='word_1_123' title='bbox 668 1292 879 1348; x_wconf 84' lang='lat' dir='ltr'>phthisis,</span> <span class='ocrx_word' id='word_1_124' title='bbox 921 1295 1144 1349; x_wconf 82' lang='lat' dir='ltr'>sanguinis</span> <span class='ocrx_word' id='word_1_125' title='bbox 1184 1294 1336 1336; x_wconf 84' lang='lat' dir='ltr'>eiectio</span> <span class='ocrx_word' id='word_1_126' title='bbox 1376 1302 1417 1336; x_wconf 89' lang='lat' dir='ltr'>et</span> <span class='ocrx_word' id='word_1_127' title='bbox 1456 1295 1598 1336; x_wconf 65' lang='lat' dir='ltr'>cetera</span> <span class='ocrx_word' id='word_1_128' title='bbox 1629 1309 1737 1350; x_wconf 89' lang='lat' dir='ltr'>quae</span> 
     </span>
     <span class='ocr_line' id='line_1_19' title="bbox 213 1358 1737 1404; baseline 0.002 -5"><span class='ocrx_word' id='word_1_129' title='bbox 213 1374 298 1399; x_wconf 91' lang='lat' dir='ltr'>non</span> <span class='ocrx_word' id='word_1_130' title='bbox 338 1358 676 1400; x_wconf 79' lang='lat' dir='ltr'>detractionibus</span> <span class='ocrx_word' id='word_1_131' title='bbox 723 1360 799 1400; x_wconf 89' lang='lat' dir='ltr'>sed</span> <span class='ocrx_word' id='word_1_132' title='bbox 843 1361 1164 1403; x_wconf 84' lang='lat' dir='ltr'>adiectionibus</span> <span class='ocrx_word' id='word_1_133' title='bbox 1213 1369 1429 1404; x_wconf 82' lang='lat' dir='ltr'>curantur.</span> <span class='ocrx_word' id='word_1_134' title='bbox 1503 1362 1609 1403; x_wconf 87' lang='lat' dir='ltr'>haec</span> <span class='ocrx_word' id='word_1_135' title='bbox 1640 1362 1737 1403; x_wconf 88' lang='lat' dir='ltr'>ideo</span> 
     </span>
     <span class='ocr_line' id='line_1_20' title="bbox 216 1425 1736 1486; baseline 0.003 -21"><span class='ocrx_word' id='word_1_136' title='bbox 216 1425 449 1466; x_wconf 87' lang='lat' dir='ltr'>difficulter</span> <span class='ocrx_word' id='word_1_137' title='bbox 469 1427 738 1468; x_wconf 83' lang='lat' dir='ltr'>medicantur</span> <span class='ocrx_word' id='word_1_138' title='bbox 768 1429 954 1484; x_wconf 87' lang='lat' dir='ltr'>primum</span> <span class='ocrx_word' id='word_1_139' title='bbox 987 1429 1101 1485; x_wconf 86' lang='lat' dir='ltr'>quod</span> <span class='ocrx_word' id='word_1_140' title='bbox 1134 1444 1187 1470; x_wconf 81' lang='lat' dir='ltr'>ex</span> <span class='ocrx_word' id='word_1_141' title='bbox 1219 1429 1456 1484; x_wconf 82' lang='lat' dir='ltr'>frigoribus</span> <span class='ocrx_word' id='word_1_142' title='bbox 1490 1431 1736 1486; x_wconf 87' lang='lat' dir='ltr'>concipiun-</span> 
     </span>
     <span class='ocr_line' id='line_1_21' title="bbox 214 1492 1735 1552; baseline 0.003 -18"><span class='ocrx_word' id='word_1_143' title='bbox 214 1500 305 1545; x_wconf 87' lang='lat' dir='ltr'>tur,</span> <span class='ocrx_word' id='word_1_144' title='bbox 339 1492 496 1534; x_wconf 87' lang='lat' dir='ltr'>deinde</span> <span class='ocrx_word' id='word_1_145' title='bbox 528 1494 641 1550; x_wconf 88' lang='lat' dir='ltr'>quod</span> <span class='ocrx_word' id='word_1_146' title='bbox 669 1495 920 1550; x_wconf 82' lang='lat' dir='ltr'>defatigatis</span> <span class='ocrx_word' id='word_1_147' title='bbox 952 1497 1102 1537; x_wconf 90' lang='lat' dir='ltr'>morbo</span> <span class='ocrx_word' id='word_1_148' title='bbox 1135 1497 1303 1538; x_wconf 78' lang='lat' dir='ltr'>viribus</span> <span class='ocrx_word' id='word_1_149' title='bbox 1337 1513 1502 1549; x_wconf 89' lang='lat' dir='ltr'>eorum,</span> <span class='ocrx_word' id='word_1_150' title='bbox 1543 1512 1616 1538; x_wconf 92' lang='lat' dir='ltr'>aer</span> <span class='ocrx_word' id='word_1_151' title='bbox 1646 1499 1735 1552; x_wconf 83' lang='lat' dir='ltr'>agi—</span> 
     </span>
     <span class='ocr_line' id='line_1_22' title="bbox 214 1563 1737 1620; baseline 0.003 -20"><span class='ocrx_word' id='word_1_152' title='bbox 214 1566 328 1601; x_wconf 84' lang='lat' dir='ltr'>tatus</span> <span class='ocrx_word' id='word_1_153' title='bbox 363 1576 384 1601; x_wconf 92' lang='lat' dir='ltr'>e</span> <span class='ocrx_word' id='word_1_154' title='bbox 415 1568 640 1602; x_wconf 77' lang='lat' dir='ltr'>ventorum</span> <span class='ocrx_word' id='word_1_155' title='bbox 672 1563 982 1618; x_wconf 82' lang='lat' dir='ltr'>agitationibus</span> <span class='ocrx_word' id='word_1_156' title='bbox 1016 1571 1273 1606; x_wconf 78' lang='lat' dir='ltr'>extenuatur</span> <span class='ocrx_word' id='word_1_157' title='bbox 1310 1580 1480 1620; x_wconf 85' lang='lat' dir='ltr'>unaque</span> <span class='ocrx_word' id='word_1_158' title='bbox 1511 1580 1536 1605; x_wconf 89' lang='lat' dir='ltr'>a</span> <span class='ocrx_word' id='word_1_159' title='bbox 1567 1565 1737 1606; x_wconf 82' lang='lat' dir='ltr'>vitiosis</span> 
     </span>
     <span class='ocr_line' id='line_1_23' title="bbox 215 1628 1738 1683; baseline 0.004 -15"><span class='ocrx_word' id='word_1_160' title='bbox 215 1629 465 1683; x_wconf 85' lang='lat' dir='ltr'>corporibus</span> <span class='ocrx_word' id='word_1_161' title='bbox 489 1628 676 1671; x_wconf 83' lang='lat' dir='ltr'>detrahit</span> <span class='ocrx_word' id='word_1_162' title='bbox 698 1646 847 1671; x_wconf 89' lang='lat' dir='ltr'>sucum</span> <span class='ocrx_word' id='word_1_163' title='bbox 880 1638 920 1672; x_wconf 87' lang='lat' dir='ltr'>et</span> <span class='ocrx_word' id='word_1_164' title='bbox 953 1631 1085 1673; x_wconf 83' lang='lat' dir='ltr'>efficit</span> <span class='ocrx_word' id='word_1_165' title='bbox 1118 1647 1166 1673; x_wconf 82' lang='lat' dir='ltr'>ca</span> <span class='ocrx_word' id='word_1_166' title='bbox 1198 1631 1392 1673; x_wconf 77' lang='lat' dir='ltr'>exiliora.</span> <span class='ocrx_word' id='word_1_167' title='bbox 1456 1639 1604 1673; x_wconf 88' lang='lat' dir='ltr'>contra</span> <span class='ocrx_word' id='word_1_168' title='bbox 1635 1647 1738 1674; x_wconf 85' lang='lat' dir='ltr'>vero</span> 
     </span>
     <span class='ocr_line' id='line_1_24' title="bbox 214 1695 1738 1756; baseline 0.005 -22"><span class='ocrx_word' id='word_1_169' title='bbox 214 1695 322 1736; x_wconf 86' lang='lat' dir='ltr'>lenis</span> <span class='ocrx_word' id='word_1_170' title='bbox 363 1703 404 1737; x_wconf 91' lang='lat' dir='ltr'>et</span> <span class='ocrx_word' id='word_1_171' title='bbox 436 1711 604 1738; x_wconf 85' lang='lat' dir='ltr'>crassus</span> <span class='ocrx_word' id='word_1_172' title='bbox 636 1712 730 1750; x_wconf 89' lang='lat' dir='ltr'>aer,</span> <span class='ocrx_word' id='word_1_173' title='bbox 777 1700 849 1753; x_wconf 88' lang='lat' dir='ltr'>qui</span> <span class='ocrx_word' id='word_1_174' title='bbox 881 1699 1084 1755; x_wconf 87' lang='lat' dir='ltr'>perflatus</span> <span class='ocrx_word' id='word_1_175' title='bbox 1118 1716 1202 1741; x_wconf 90' lang='lat' dir='ltr'>non</span> <span class='ocrx_word' id='word_1_176' title='bbox 1233 1700 1363 1741; x_wconf 82' lang='lat' dir='ltr'>habet</span> <span class='ocrx_word' id='word_1_177' title='bbox 1396 1715 1533 1756; x_wconf 87' lang='lat' dir='ltr'>neque</span> <span class='ocrx_word' id='word_1_178' title='bbox 1565 1699 1738 1741; x_wconf 85' lang='lat' dir='ltr'>crebras</span> 
     </span>
     <span class='ocr_line' id='line_1_25' title="bbox 214 1762 1738 1820; baseline 0.004 -18"><span class='ocrx_word' id='word_1_179' title='bbox 214 1762 523 1804; x_wconf 84' lang='lat' dir='ltr'>redundantias</span> <span class='ocrx_word' id='word_1_180' title='bbox 543 1796 552 1816; x_wconf 83' lang='lat'>,</span> <span class='ocrx_word' id='word_1_181' title='bbox 608 1771 783 1820; x_wconf 87' lang='lat' dir='ltr'>propter</span> <span class='ocrx_word' id='word_1_182' title='bbox 828 1767 1035 1807; x_wconf 82' lang='lat' dir='ltr'>inmotam</span> <span class='ocrx_word' id='word_1_183' title='bbox 1082 1767 1364 1808; x_wconf 83' lang='lat' dir='ltr'>stabilitatem</span> <span class='ocrx_word' id='word_1_184' title='bbox 1408 1767 1638 1809; x_wconf 85' lang='lat' dir='ltr'>adiciendo</span> <span class='ocrx_word' id='word_1_185' title='bbox 1683 1768 1738 1808; x_wconf 88' lang='lat' dir='ltr'>ad</span> 
     </span>
     <span class='ocr_line' id='line_1_26' title="bbox 214 1831 1738 1891; baseline 0.004 -21"><span class='ocrx_word' id='word_1_186' title='bbox 214 1831 406 1871; x_wconf 89' lang='lat' dir='ltr'>membra</span> <span class='ocrx_word' id='word_1_187' title='bbox 445 1846 586 1873; x_wconf 86' lang='lat' dir='ltr'>eorum</span> <span class='ocrx_word' id='word_1_188' title='bbox 628 1831 705 1873; x_wconf 85' lang='lat' dir='ltr'>alit</span> <span class='ocrx_word' id='word_1_189' title='bbox 745 1848 814 1874; x_wconf 81' lang='lat' dir='ltr'>eos</span> <span class='ocrx_word' id='word_1_190' title='bbox 858 1840 898 1874; x_wconf 89' lang='lat' dir='ltr'>et</span> <span class='ocrx_word' id='word_1_191' title='bbox 939 1834 1075 1875; x_wconf 78' lang='lat' dir='ltr'>reficit</span> <span class='ocrx_word' id='word_1_192' title='bbox 1114 1836 1187 1890; x_wconf 87' lang='lat' dir='ltr'>qui</span> <span class='ocrx_word' id='word_1_193' title='bbox 1224 1836 1269 1875; x_wconf 89' lang='lat' dir='ltr'>in</span> <span class='ocrx_word' id='word_1_194' title='bbox 1306 1835 1372 1876; x_wconf 86' lang='lat' dir='ltr'>his</span> <span class='ocrx_word' id='word_1_195' title='bbox 1413 1841 1513 1876; x_wconf 89' lang='lat' dir='ltr'>sunt</span> <span class='ocrx_word' id='word_1_196' title='bbox 1552 1835 1738 1891; x_wconf 81' lang='lat' dir='ltr'>inpliciti</span> 
     </span>
     <span class='ocr_line' id='line_1_27' title="bbox 215 1898 390 1939; baseline 0.011 -2"><span class='ocrx_word' id='word_1_197' title='bbox 215 1898 390 1939; x_wconf 86' lang='lat' dir='ltr'>morbis.</span> 
     </span>
     <span class='ocr_line' id='line_1_28' title="bbox 328 1965 1784 2026; baseline 0.003 -21"><span class='ocrx_word' id='word_1_198' title='bbox 328 1965 558 2007; x_wconf 80' lang='lat' dir='ltr'>Nonnullis</span> <span class='ocrx_word' id='word_1_199' title='bbox 588 1966 749 2021; x_wconf 87' lang='lat' dir='ltr'>placuit</span> <span class='ocrx_word' id='word_1_200' title='bbox 778 1983 869 2008; x_wconf 87' lang='lat' dir='ltr'>esse</span> <span class='ocrx_word' id='word_1_201' title='bbox 899 1976 1051 2011; x_wconf 80' lang='lat' dir='ltr'>ventos</span> <span class='ocrx_word' id='word_1_202' title='bbox 1082 1976 1297 2025; x_wconf 85' lang='lat' dir='ltr'>quattuor,</span> <span class='ocrx_word' id='word_1_203' title='bbox 1329 1970 1384 2011; x_wconf 83' lang='lat' dir='ltr'>ab</span> <span class='ocrx_word' id='word_1_204' title='bbox 1407 1970 1570 2011; x_wconf 89' lang='lat' dir='ltr'>oriente</span> <span class='ocrx_word' id='word_1_205' title='bbox 1591 1971 1736 2026; x_wconf 85' lang='lat' dir='ltr'>aequi—</span> <span class='ocrx_word' id='word_1_206' title='bbox 1763 1980 1784 2009; x_wconf 77' lang='lat'>4</span> 
     </span>
    </p>

    <p class='ocr_par' dir='ltr' id='par_1_5' title="bbox 215 2032 1736 2093">
     <span class='ocr_line' id='line_1_29' title="bbox 215 2032 1736 2093; baseline 0.005 -22"><span class='ocrx_word' id='word_1_207' title='bbox 215 2032 389 2073; x_wconf 86' lang='lat' dir='ltr'>noctiali</span> <span class='ocrx_word' id='word_1_208' title='bbox 413 2032 620 2088; x_wconf 85' lang='lat' dir='ltr'>solanum,</span> <span class='ocrx_word' id='word_1_209' title='bbox 637 2050 662 2075; x_wconf 87' lang='lat' dir='ltr'>a</span> <span class='ocrx_word' id='word_1_210' title='bbox 678 2035 860 2077; x_wconf 85' lang='lat' dir='ltr'>meridie</span> <span class='ocrx_word' id='word_1_211' title='bbox 880 2043 1089 2090; x_wconf 86' lang='lat' dir='ltr'>austrum,</span> <span class='ocrx_word' id='word_1_212' title='bbox 1112 2037 1167 2078; x_wconf 86' lang='lat' dir='ltr'>ab</span> <span class='ocrx_word' id='word_1_213' title='bbox 1185 2036 1408 2079; x_wconf 87' lang='lat' dir='ltr'>occidente</span> <span class='ocrx_word' id='word_1_214' title='bbox 1429 2036 1736 2093; x_wconf 86' lang='lat' dir='ltr'>aequinoctiali</span> 
     </span>
    </p>
   </div>
   <div class='ocr_carea' id='block_1_5' title="bbox 216 2261 1743 2980">
    <p class='ocr_par' dir='ltr' id='par_1_6' title="bbox 216 2261 1743 2980">
     <span class='ocr_line' id='line_1_30' title="bbox 306 2261 1738 2308; baseline 0.005 -17"><span class='ocrx_word' id='word_1_215' title='bbox 306 2262 324 2291; x_wconf 89' lang='grc'>2</span> <span class='ocrx_word' id='word_1_216' title='bbox 352 2261 549 2303; x_wconf 72' lang='lat' dir='ltr'>aeolipllae</span> <span class='ocrx_word' id='word_1_217' title='bbox 578 2263 643 2293; x_wconf 81' lang='lat' dir='ltr'>GH</span> <span class='ocrx_word' id='word_1_218' title='bbox 671 2262 857 2305; x_wconf 73' lang='lat' dir='ltr'>(eolipilae</span> <span class='ocrx_word' id='word_1_219' title='bbox 883 2276 983 2296; x_wconf 77' lang='lat' dir='ltr'>erasa</span> <span class='ocrx_word' id='word_1_220' title='bbox 1007 2266 1047 2297; x_wconf 77' lang='lat' dir='ltr'>ab</span> <span class='ocrx_word' id='word_1_221' title='bbox 1073 2267 1167 2298; x_wconf 73' lang='lat' dir='ltr'>initio</span> <span class='ocrx_word' id='word_1_222' title='bbox 1194 2267 1255 2299; x_wconf 80' lang='lat' dir='ltr'>litt.</span> <span class='ocrx_word' id='word_1_223' title='bbox 1277 2276 1298 2296; x_wconf 87' lang='lat' dir='ltr'>a</span> <span class='ocrx_word' id='word_1_224' title='bbox 1326 2266 1380 2306; x_wconf 66' lang='lat' dir='ltr'>GC,</span> <span class='ocrx_word' id='word_1_225' title='bbox 1408 2265 1582 2308; x_wconf 72' lang='lat' dir='ltr'>aeolipile</span> <span class='ocrx_word' id='word_1_226' title='bbox 1609 2268 1657 2298; x_wconf 80' lang='lat' dir='ltr'>L⁶</span> <span class='ocrx_word' id='word_1_227' title='bbox 1682 2267 1738 2298; x_wconf 76' lang='lat' dir='ltr'>ubi</span> 
     </span>
     <span class='ocr_line' id='line_1_31' title="bbox 216 2313 1743 2364; baseline 0.006 -19"><span class='ocrx_word' id='word_1_228' title='bbox 216 2321 293 2348; x_wconf 77' lang='lat' dir='ltr'>ante</span> <span class='ocrx_word' id='word_1_229' title='bbox 324 2328 394 2349; x_wconf 75' lang='lat' dir='ltr'>ras.</span> <span class='ocrx_word' id='word_1_230' title='bbox 429 2317 639 2359; x_wconf 67' lang='lat' dir='ltr'>aeolapule,</span> <span class='ocrx_word' id='word_1_231' title='bbox 676 2329 741 2350; x_wconf 88' lang='lat' dir='ltr'>aeo</span> <span class='ocrx_word' id='word_1_232' title='bbox 766 2319 878 2361; x_wconf 73' lang='lat' dir='ltr'>llpide</span> <span class='ocrx_word' id='word_1_233' title='bbox 903 2331 935 2359; x_wconf 79' lang='lat' dir='ltr'>c,</span> <span class='ocrx_word' id='word_1_234' title='bbox 977 2321 1132 2364; x_wconf 65' lang='lat' dir='ltr'>eohpule</span> <span class='ocrx_word' id='word_1_235' title='bbox 1165 2322 1203 2362; x_wconf 87' lang='lat' dir='ltr'>l).</span> <span class='ocrx_word' id='word_1_236' title='bbox 1261 2327 1405 2354; x_wconf 76' lang='lat' dir='ltr'>ceterum</span> <span class='ocrx_word' id='word_1_237' title='bbox 1436 2323 1469 2353; x_wconf 78' lang='lat' dir='ltr'>in</span> <span class='ocrx_word' id='word_1_238' title='bbox 1500 2333 1604 2363; x_wconf 70' lang='lat' dir='ltr'>mar-9.</span> <span class='ocrx_word' id='word_1_239' title='bbox 1639 2323 1683 2354; x_wconf 72' lang='lat' dir='ltr'>Ge</span> <span class='ocrx_word' id='word_1_240' title='bbox 1706 2313 1743 2354; x_wconf 64' lang='lat' dir='ltr'>N</span> 
     </span>
     <span class='ocr_line' id='line_1_32' title="bbox 218 2371 1735 2421; baseline 0.006 -19"><span class='ocrx_word' id='word_1_241' title='bbox 218 2371 334 2413; x_wconf 84' lang='lat' dir='ltr'>(nota)</span> <span class='ocrx_word' id='word_1_242' title='bbox 362 2373 483 2413; x_wconf 51' lang='lat' dir='ltr'>follis,</span> <span class='ocrx_word' id='word_1_243' title='bbox 502 2375 577 2404; x_wconf 76' lang='lat' dir='ltr'>ilem</span> <span class='ocrx_word' id='word_1_244' title='bbox 603 2374 651 2404; x_wconf 81' lang='lat' dir='ltr'>L⁶</span> <span class='ocrx_word' id='word_1_245' title='bbox 675 2375 708 2405; x_wconf 77' lang='lat' dir='ltr'>in</span> <span class='ocrx_word' id='word_1_246' title='bbox 725 2386 827 2416; x_wconf 61' lang='lat' dir='ltr'>marg,</span> <span class='ocrx_word' id='word_1_247' title='bbox 868 2376 949 2407; x_wconf 80' lang='lat' dir='ltr'>Eoli</span> <span class='ocrx_word' id='word_1_248' title='bbox 974 2377 1001 2407; x_wconf 87' lang='lat' dir='ltr'><strong>P</strong></span> <span class='ocrx_word' id='word_1_249' title='bbox 1023 2377 1028 2417; x_wconf 75' lang='grc' dir='ltr'>Ι</span> <span class='ocrx_word' id='word_1_250' title='bbox 1052 2377 1196 2420; x_wconf 73' lang='lat' dir='ltr'>(reliqua</span> <span class='ocrx_word' id='word_1_251' title='bbox 1220 2379 1342 2409; x_wconf 71' lang='lat' dir='ltr'>recidit</span> <span class='ocrx_word' id='word_1_252' title='bbox 1360 2377 1575 2420; x_wconf 73' lang='lat' dir='ltr'>bibliopegya).</span> <span class='ocrx_word' id='word_1_253' title='bbox 1594 2377 1608 2421; x_wconf 98' lang='grc' dir='ltr'>Η</span> <span class='ocrx_word' id='word_1_254' title='bbox 1627 2389 1735 2410; x_wconf 82' lang='lat' dir='ltr'>areae</span> 
     </span>
     <span class='ocr_line' id='line_1_33' title="bbox 217 2428 1738 2477; baseline 0.006 -19"><span class='ocrx_word' id='word_1_255' title='bbox 217 2433 293 2460; x_wconf 76' lang='lat' dir='ltr'>ante</span> <span class='ocrx_word' id='word_1_256' title='bbox 311 2439 400 2461; x_wconf 74' lang='lat' dir='ltr'>corr.</span> <span class='ocrx_word' id='word_1_257' title='bbox 423 2430 493 2472; x_wconf 77' lang='lat' dir='ltr'>(qui</span> <span class='ocrx_word' id='word_1_258' title='bbox 508 2440 537 2460; x_wconf 74' lang='lat' dir='ltr'>{c</span> <span class='ocrx_word' id='word_1_259' title='bbox 557 2441 602 2461; x_wconf 74' lang='lat' dir='ltr'>ex</span> <span class='ocrx_word' id='word_1_260' title='bbox 620 2430 655 2469; x_wconf 82' lang='lat' dir='ltr'>a)</span> <span class='ocrx_word' id='word_1_261' title='bbox 675 2431 721 2461; x_wconf 88' lang='lat' dir='ltr'>ll.</span> <span class='ocrx_word' id='word_1_262' title='bbox 752 2428 766 2472; x_wconf 96' lang='grc' dir='ltr'>Η</span> <span class='ocrx_word' id='word_1_263' title='bbox 798 2434 816 2462; x_wconf 77' lang='lat'><strong>3</strong></span> <span class='ocrx_word' id='word_1_264' title='bbox 836 2441 905 2471; x_wconf 80' lang='lat' dir='ltr'>quo</span> <span class='ocrx_word' id='word_1_265' title='bbox 925 2443 1019 2473; x_wconf 80' lang='lat' dir='ltr'>aqua</span> <span class='ocrx_word' id='word_1_266' title='bbox 1037 2435 1131 2468; x_wconf 52' lang='lat' dir='ltr'>doen:</span> <span class='ocrx_word' id='word_1_267' title='bbox 1160 2444 1229 2476; x_wconf 66' lang='lat' dir='ltr'>que</span> <span class='ocrx_word' id='word_1_268' title='bbox 1247 2444 1343 2474; x_wconf 84' lang='lat' dir='ltr'>aqua</span> <span class='ocrx_word' id='word_1_269' title='bbox 1365 2434 1391 2465; x_wconf 79' lang='lat' dir='ltr'><strong><em>G</em></strong></span> <span class='ocrx_word' id='word_1_270' title='bbox 1406 2431 1480 2476; x_wconf 81' lang='lat' dir='ltr'>(L),</span> <span class='ocrx_word' id='word_1_271' title='bbox 1501 2445 1592 2476; x_wconf 84' lang='lat' dir='ltr'>quae</span> <span class='ocrx_word' id='word_1_272' title='bbox 1613 2445 1682 2477; x_wconf 84' lang='lat' dir='ltr'>qua</span> <span class='ocrx_word' id='word_1_273' title='bbox 1703 2436 1738 2467; x_wconf 92' lang='lat' dir='ltr'><em>H</em></span> 
     </span>
     <span class='ocr_line' id='line_1_34' title="bbox 216 2483 1738 2531; baseline 0.005 -17"><span class='ocrx_word' id='word_1_274' title='bbox 216 2484 257 2523; x_wconf 66' lang='grc' dir='ltr'>(ι’,</span> <span class='ocrx_word' id='word_1_275' title='bbox 277 2495 343 2528; x_wconf 63' lang='lat' dir='ltr'>que</span> <span class='ocrx_word' id='word_1_276' title='bbox 362 2495 429 2525; x_wconf 76' lang='lat' dir='ltr'>qua</span> <span class='ocrx_word' id='word_1_277' title='bbox 446 2485 483 2526; x_wconf 85' lang='lat' dir='ltr'>l).</span> <span class='ocrx_word' id='word_1_278' title='bbox 507 2483 522 2527; x_wconf 96' lang='grc' dir='ltr'>Η</span> <span class='ocrx_word' id='word_1_279' title='bbox 545 2487 564 2516; x_wconf 82' lang='lat'>5</span> <span class='ocrx_word' id='word_1_280' title='bbox 582 2485 832 2517; x_wconf 84' lang='lat' dir='ltr'>vehementum</span> <span class='ocrx_word' id='word_1_281' title='bbox 859 2489 895 2518; x_wconf 90' lang='lat' dir='ltr'>ll</span> <span class='ocrx_word' id='word_1_282' title='bbox 915 2489 1015 2526; x_wconf 26' lang='lat' dir='ltr'>(sstsl</span> <span class='ocrx_word' id='word_1_283' title='bbox 1041 2490 1107 2531; x_wconf 74' lang='lat' dir='ltr'>elz).</span> <span class='ocrx_word' id='word_1_284' title='bbox 1132 2487 1147 2531; x_wconf 96' lang='grc' dir='ltr'>Η</span> <span class='ocrx_word' id='word_1_285' title='bbox 1175 2492 1194 2521; x_wconf 87' lang='grc'>8</span> <span class='ocrx_word' id='word_1_286' title='bbox 1212 2490 1414 2522; x_wconf 78' lang='lat' dir='ltr'>rationibus</span> <span class='ocrx_word' id='word_1_287' title='bbox 1440 2491 1577 2523; x_wconf 80' lang='lat' dir='ltr'>exclusi</span> <span class='ocrx_word' id='word_1_288' title='bbox 1602 2492 1738 2523; x_wconf 84' lang='lat' dir='ltr'>fuerint</span> 
     </span>
     <span class='ocr_line' id='line_1_35' title="bbox 218 2540 1736 2588; baseline 0.006 -19"><span class='ocrx_word' id='word_1_289' title='bbox 218 2541 288 2571; x_wconf 68' lang='lat' dir='ltr'>sine</span> <span class='ocrx_word' id='word_1_290' title='bbox 307 2541 380 2572; x_wconf 74' lang='lat' dir='ltr'>albo</span> <span class='ocrx_word' id='word_1_291' title='bbox 401 2541 465 2572; x_wconf 79' lang='lat' dir='ltr'>GH</span> <span class='ocrx_word' id='word_1_292' title='bbox 485 2540 587 2581; x_wconf 69' lang='lat' dir='ltr'>(Me),</span> <span class='ocrx_word' id='word_1_293' title='bbox 612 2544 769 2573; x_wconf 70' lang='lat' dir='ltr'>nonnulla</span> <span class='ocrx_word' id='word_1_294' title='bbox 793 2547 900 2575; x_wconf 78' lang='lat' dir='ltr'>lamen</span> <span class='ocrx_word' id='word_1_295' title='bbox 919 2546 1020 2577; x_wconf 73' lang='lat' dir='ltr'>verba</span> <span class='ocrx_word' id='word_1_296' title='bbox 1045 2547 1164 2578; x_wconf 72' lang='lat' dir='ltr'>desunt</span> <span class='ocrx_word' id='word_1_297' title='bbox 1189 2548 1275 2578; x_wconf 74' lang='lat' dir='ltr'>velut</span> <span class='ocrx_word' id='word_1_298' title='bbox 1294 2547 1399 2577; x_wconf 90' lang='lat' dir='ltr'>Venti</span> <span class='ocrx_word' id='word_1_299' title='bbox 1418 2547 1531 2588; x_wconf 83' lang='lat' dir='ltr'>igitur</span> <span class='ocrx_word' id='word_1_300' title='bbox 1557 2547 1588 2579; x_wconf 87' lang='lat' dir='ltr'>si</span> <span class='ocrx_word' id='word_1_301' title='bbox 1612 2548 1736 2588; x_wconf 86' lang='lat' dir='ltr'>(Venti</span> 
     </span>
     <span class='ocr_line' id='line_1_36' title="bbox 220 2596 1735 2645; baseline 0.007 -21"><span class='ocrx_word' id='word_1_302' title='bbox 220 2596 311 2626; x_wconf 78' lang='lat' dir='ltr'>cuim</span> <span class='ocrx_word' id='word_1_303' title='bbox 339 2596 369 2627; x_wconf 86' lang='lat' dir='ltr'>si</span> <span class='ocrx_word' id='word_1_304' title='bbox 394 2597 479 2636; x_wconf 58' lang='lat' dir='ltr'>doe„</span> <span class='ocrx_word' id='word_1_305' title='bbox 507 2596 566 2638; x_wconf 84' lang='lat' dir='ltr'>qui</span> <span class='ocrx_word' id='word_1_306' title='bbox 592 2597 621 2628; x_wconf 76' lang='lat' dir='ltr'>si</span> <span class='ocrx_word' id='word_1_307' title='bbox 645 2599 695 2628; x_wconf 82' lang='lat' dir='ltr'>vel</span> <span class='ocrx_word' id='word_1_308' title='bbox 720 2603 843 2629; x_wconf 73' lang='lat' dir='ltr'>tantum</span> <span class='ocrx_word' id='word_1_309' title='bbox 868 2601 899 2631; x_wconf 87' lang='lat' dir='ltr'>si</span> <span class='ocrx_word' id='word_1_310' title='bbox 924 2603 1022 2635; x_wconf 75' lang='lat' dir='ltr'>codd.</span> <span class='ocrx_word' id='word_1_311' title='bbox 1050 2601 1136 2643; x_wconf 80' lang='lat' dir='ltr'>ree.)</span> <span class='ocrx_word' id='word_1_312' title='bbox 1170 2606 1220 2635; x_wconf 78' lang='lat' dir='ltr'>vel</span> <span class='ocrx_word' id='word_1_313' title='bbox 1245 2614 1314 2634; x_wconf 72' lang='lat' dir='ltr'>eum</span> <span class='ocrx_word' id='word_1_314' title='bbox 1339 2603 1592 2636; x_wconf 74' lang='lat' dir='ltr'>lzomoz&#39;oteleuto</span> <span class='ocrx_word' id='word_1_315' title='bbox 1618 2604 1735 2645; x_wconf 73' lang='lat' dir='ltr'>Igitur</span> 
     </span>
     <span class='ocr_line' id='line_1_37' title="bbox 217 2652 1734 2700; baseline 0.006 -18"><span class='ocrx_word' id='word_1_316' title='bbox 217 2653 315 2683; x_wconf 86' lang='lat' dir='ltr'>venti</span> <span class='ocrx_word' id='word_1_317' title='bbox 348 2652 378 2683; x_wconf 88' lang='lat' dir='ltr'>si</span> <span class='ocrx_word' id='word_1_318' title='bbox 412 2652 521 2683; x_wconf 81' lang='lat' dir='ltr'>certis</span> <span class='ocrx_word' id='word_1_319' title='bbox 547 2653 751 2685; x_wconf 84' lang='lat' dir='ltr'>rationibus</span> <span class='ocrx_word' id='word_1_320' title='bbox 783 2655 919 2687; x_wconf 81' lang='lat' dir='ltr'>exclusi</span> <span class='ocrx_word' id='word_1_321' title='bbox 951 2657 1089 2689; x_wconf 86' lang='lat' dir='ltr'>fuerint</span> <span class='ocrx_word' id='word_1_322' title='bbox 1114 2663 1176 2692; x_wconf 76' lang='lat' dir='ltr'>etc.</span> <span class='ocrx_word' id='word_1_323' title='bbox 1217 2656 1231 2700; x_wconf 96' lang='grc' dir='ltr'>Η</span> <span class='ocrx_word' id='word_1_324' title='bbox 1271 2660 1310 2690; x_wconf 76' lang='lat'>12</span> <span class='ocrx_word' id='word_1_325' title='bbox 1344 2659 1554 2691; x_wconf 87' lang='lat' dir='ltr'>exclusione</span> <span class='ocrx_word' id='word_1_326' title='bbox 1584 2660 1734 2692; x_wconf 78' lang='lat' dir='ltr'>Facciol.</span> 
     </span>
     <span class='ocr_line' id='line_1_38' title="bbox 219 2706 1734 2754; baseline 0.007 -17"><span class='ocrx_word' id='word_1_327' title='bbox 219 2706 337 2749; x_wconf 71' lang='lat' dir='ltr'>(rcc.):</span> <span class='ocrx_word' id='word_1_328' title='bbox 366 2708 595 2741; x_wconf 71' lang='lat' dir='ltr'>exclusiones</span> <span class='ocrx_word' id='word_1_329' title='bbox 625 2710 700 2741; x_wconf 80' lang='lat' dir='ltr'>(ill.</span> <span class='ocrx_word' id='word_1_330' title='bbox 729 2707 743 2751; x_wconf 96' lang='grc' dir='ltr'>Η</span> <span class='ocrx_word' id='word_1_331' title='bbox 784 2712 824 2741; x_wconf 67' lang='lat'>14</span> <span class='ocrx_word' id='word_1_332' title='bbox 851 2714 1054 2745; x_wconf 83' lang='lat' dir='ltr'>arteriacae</span> <span class='ocrx_word' id='word_1_333' title='bbox 1081 2714 1232 2754; x_wconf 73' lang='lat' dir='ltr'>(arteria</span> <span class='ocrx_word' id='word_1_334' title='bbox 1259 2714 1430 2747; x_wconf 74' lang='lat' dir='ltr'>ca&amp;ussis</span> <span class='ocrx_word' id='word_1_335' title='bbox 1457 2716 1501 2751; x_wconf 90' lang='lat' dir='ltr'>H,</span> <span class='ocrx_word' id='word_1_336' title='bbox 1531 2716 1734 2747; x_wconf 84' lang='lat' dir='ltr'>arteriacae</span> 
     </span>
     <span class='ocr_line' id='line_1_39' title="bbox 218 2762 1736 2813; baseline 0.007 -22"><span class='ocrx_word' id='word_1_337' title='bbox 218 2765 240 2791; x_wconf 94' lang='lat' dir='ltr'>t.</span> <span class='ocrx_word' id='word_1_338' title='bbox 268 2762 313 2803; x_wconf 87' lang='lat' dir='ltr'>L)</span> <span class='ocrx_word' id='word_1_339' title='bbox 347 2764 393 2803; x_wconf 86' lang='lat' dir='ltr'>ll,</span> <span class='ocrx_word' id='word_1_340' title='bbox 420 2775 507 2805; x_wconf 65' lang='lat' dir='ltr'>—ce</span> <span class='ocrx_word' id='word_1_341' title='bbox 537 2764 563 2796; x_wconf 83' lang='lat' dir='ltr'><em>G</em></span> <span class='ocrx_word' id='word_1_342' title='bbox 588 2764 634 2804; x_wconf 74' lang='grc' dir='ltr'>(ιιι</span> <span class='ocrx_word' id='word_1_343' title='bbox 661 2776 766 2806; x_wconf 68' lang='lat' dir='ltr'>snpra</span> <span class='ocrx_word' id='word_1_344' title='bbox 782 2777 816 2806; x_wconf 79' lang='lat' dir='ltr'>p.</span> <span class='ocrx_word' id='word_1_345' title='bbox 835 2769 885 2800; x_wconf 79' lang='lat'>15.</span> <span class='ocrx_word' id='word_1_346' title='bbox 911 2771 931 2799; x_wconf 86' lang='lat'><strong><em>5</em></strong></span> <span class='ocrx_word' id='word_1_347' title='bbox 950 2771 1187 2809; x_wconf 86' lang='lat' dir='ltr'>gnomonicae</span> <span class='ocrx_word' id='word_1_348' title='bbox 1215 2771 1280 2811; x_wconf 81' lang='lat' dir='ltr'>H).</span> <span class='ocrx_word' id='word_1_349' title='bbox 1315 2769 1329 2813; x_wconf 95' lang='grc' dir='ltr'>Η</span> <span class='ocrx_word' id='word_1_350' title='bbox 1364 2772 1402 2802; x_wconf 81' lang='lat'>15</span> <span class='ocrx_word' id='word_1_351' title='bbox 1428 2771 1600 2812; x_wconf 83' lang='lat' dir='ltr'>phthisis:</span> <span class='ocrx_word' id='word_1_352' title='bbox 1629 2771 1736 2813; x_wconf 84' lang='lat' dir='ltr'>tiphi-</span> 
     </span>
     <span class='ocr_line' id='line_1_40' title="bbox 220 2817 1734 2869; baseline 0.007 -21"><span class='ocrx_word' id='word_1_353' title='bbox 220 2818 268 2848; x_wconf 71' lang='lat' dir='ltr'>sis</span> <span class='ocrx_word' id='word_1_354' title='bbox 297 2819 372 2851; x_wconf 78' lang='lat' dir='ltr'><em>(ill.</em></span> <span class='ocrx_word' id='word_1_355' title='bbox 405 2817 418 2861; x_wconf 91' lang='grc' dir='ltr'>Η</span> <span class='ocrx_word' id='word_1_356' title='bbox 452 2821 492 2851; x_wconf 82' lang='grc'>18</span> <span class='ocrx_word' id='word_1_357' title='bbox 518 2820 730 2862; x_wconf 80' lang='lat' dir='ltr'>defetigatis</span> <span class='ocrx_word' id='word_1_358' title='bbox 756 2822 797 2852; x_wconf 86' lang='lat' dir='ltr'>L.</span> <span class='ocrx_word' id='word_1_359' title='bbox 832 2820 846 2864; x_wconf 93' lang='grc' dir='ltr'>Η</span> <span class='ocrx_word' id='word_1_360' title='bbox 886 2825 925 2855; x_wconf 72' lang='grc'>19</span> <span class='ocrx_word' id='word_1_361' title='bbox 953 2835 970 2855; x_wconf 87' lang='lat' dir='ltr'>e</span> <span class='ocrx_word' id='word_1_362' title='bbox 998 2823 1083 2867; x_wconf 51' lang='grc' dir='ltr'>(ωε</span> <span class='ocrx_word' id='word_1_363' title='bbox 1117 2829 1134 2858; x_wconf 72' lang='grc' dir='ltr'>ὗ,</span> <span class='ocrx_word' id='word_1_364' title='bbox 1165 2832 1242 2858; x_wconf 78' lang='lat' dir='ltr'>(mle</span> <span class='ocrx_word' id='word_1_365' title='bbox 1275 2838 1365 2859; x_wconf 74' lang='lat' dir='ltr'>corr.</span> <span class='ocrx_word' id='word_1_366' title='bbox 1395 2827 1422 2858; x_wconf 82' lang='lat' dir='ltr'><em>G</em></span> <span class='ocrx_word' id='word_1_367' title='bbox 1454 2826 1485 2867; x_wconf 72' lang='grc' dir='ltr'>(ὃ</span> <span class='ocrx_word' id='word_1_368' title='bbox 1511 2837 1554 2858; x_wconf 79' lang='lat' dir='ltr'>ex</span> <span class='ocrx_word' id='word_1_369' title='bbox 1583 2826 1653 2869; x_wconf 66' lang='lat'>(1¹⁶),</span> <span class='ocrx_word' id='word_1_370' title='bbox 1680 2831 1734 2859; x_wconf 84' lang='lat' dir='ltr'>est</span> 
     </span>
     <span class='ocr_line' id='line_1_41' title="bbox 219 2873 1734 2925; baseline 0.007 -21"><span class='ocrx_word' id='word_1_371' title='bbox 219 2873 255 2902; x_wconf 91' lang='lat' dir='ltr'>ll</span> <span class='ocrx_word' id='word_1_372' title='bbox 280 2876 324 2912; x_wconf 65' lang='lat' dir='ltr'>(fi.</span> <span class='ocrx_word' id='word_1_373' title='bbox 345 2875 386 2914; x_wconf 88' lang='lat' dir='ltr'>L,</span> <span class='ocrx_word' id='word_1_374' title='bbox 413 2878 429 2906; x_wconf 73' lang='lat'>[-</span> <span class='ocrx_word' id='word_1_375' title='bbox 454 2877 483 2906; x_wconf 71' lang='lat' dir='ltr'>Ic</span> <span class='ocrx_word' id='word_1_376' title='bbox 501 2881 531 2906; x_wconf 76' lang='lat' dir='ltr'>et</span> <span class='ocrx_word' id='word_1_377' title='bbox 557 2882 634 2908; x_wconf 74' lang='lat' dir='ltr'>(mle</span> <span class='ocrx_word' id='word_1_378' title='bbox 657 2888 747 2910; x_wconf 74' lang='lat' dir='ltr'>corr.</span> <span class='ocrx_word' id='word_1_379' title='bbox 766 2877 812 2917; x_wconf 66' lang='lat'>71).</span> <span class='ocrx_word' id='word_1_380' title='bbox 837 2876 851 2920; x_wconf 96' lang='grc' dir='ltr'>Η</span> <span class='ocrx_word' id='word_1_381' title='bbox 874 2882 1089 2913; x_wconf 85' lang='lat' dir='ltr'>extenuatur</span> <span class='ocrx_word' id='word_1_382' title='bbox 1112 2883 1204 2914; x_wconf 61' lang='lat' dir='ltr'>‹locuz</span> <span class='ocrx_word' id='word_1_383' title='bbox 1233 2883 1400 2914; x_wconf 88' lang='lat' dir='ltr'>—abitur</span> <span class='ocrx_word' id='word_1_384' title='bbox 1428 2883 1503 2914; x_wconf 85' lang='lat' dir='ltr'>GH.</span> <span class='ocrx_word' id='word_1_385' title='bbox 1533 2881 1548 2925; x_wconf 94' lang='grc' dir='ltr'>Η</span> <span class='ocrx_word' id='word_1_386' title='bbox 1580 2885 1622 2915; x_wconf 86' lang='grc'>25</span> <span class='ocrx_word' id='word_1_387' title='bbox 1647 2893 1734 2915; x_wconf 87' lang='lat' dir='ltr'>ven—</span> 
     </span>
     <span class='ocr_line' id='line_1_42' title="bbox 220 2928 1260 2980; baseline 0.012 -23"><span class='ocrx_word' id='word_1_388' title='bbox 220 2930 275 2958; x_wconf 79' lang='lat' dir='ltr'>tus</span> <span class='ocrx_word' id='word_1_389' title='bbox 304 2929 346 2957; x_wconf 87' lang='lat' dir='ltr'>ll¹</span> <span class='ocrx_word' id='word_1_390' title='bbox 381 2928 394 2971; x_wconf 92' lang='grc' dir='ltr'>Η</span> <span class='ocrx_word' id='word_1_391' title='bbox 426 2932 467 2962; x_wconf 76' lang='grc'>25</span> <span class='ocrx_word' id='word_1_392' title='bbox 494 2933 778 2973; x_wconf 82' lang='lat' dir='ltr'>aequinoctialis</span> <span class='ocrx_word' id='word_1_393' title='bbox 804 2935 839 2966; x_wconf 89' lang='lat' dir='ltr'>ll</span> <span class='ocrx_word' id='word_1_394' title='bbox 865 2933 954 2977; x_wconf 77' lang='lat' dir='ltr'>(c).1]</span> <span class='ocrx_word' id='word_1_395' title='bbox 977 2937 1018 2967; x_wconf 76' lang='grc'>26</span> <span class='ocrx_word' id='word_1_396' title='bbox 1038 2938 1193 2980; x_wconf 63' lang='lat' dir='ltr'>meredie</span> <span class='ocrx_word' id='word_1_397' title='bbox 1223 2940 1260 2970; x_wconf 78' lang='lat' dir='ltr'>G.</span> 
     </span>
    </p>
   </div>
  </div>
 </body>
</html>
