1899 3322
169 1428 188 1459 7

641 233 703 263 DE
735 234 1089 264 ARcfflTEc'rrRA
1123 235 1212 265 ΜΒ.
1247 236 1306 265 γι.
1654 226 1732 269 153

213 335 362 390 gentia
411 335 456 375 in
500 335 537 375 is
582 334 859 388 adhibeatur,
910 351 997 377 non
1048 337 1189 378 minus
1244 339 1373 379 etiam
1415 338 1730 381 observandum

214 409 278 444 est
324 402 387 443 uti
434 417 580 444 omnes
619 408 859 445 structurae
903 403 1210 460 perpendiculo
1263 406 1552 462 respondeant
1596 422 1734 463 neque

214 469 400 511 habeant
438 471 483 511 in
520 469 607 511 ulla
644 477 765 526 parte
802 471 1150 528 proclinationes.
1219 474 1408 515 maxima
1451 482 1594 516 autem
1641 490 1733 516 esse

215 538 344 579 debet
382 552 482 579 cura
520 538 905 593 substructionum,
952 539 1066 595 quod
1103 540 1148 580 in
1185 540 1252 582 his
1300 542 1467 583 infinita
1512 543 1620 584 vitia
1666 559 1731 585 so-

214 605 272 646 let
301 605 444 646 facere
480 612 620 646 terrae
658 608 892 662 congestio.
962 622 1010 648 ea
1042 609 1152 648 enim
1192 623 1277 649 non
1315 615 1458 664 potest
1494 625 1588 651 esse
1625 625 1732 651 sem-

214 687 290 729 per
325 688 409 713 uno
447 674 636 729 pondere
677 689 760 731 quo
800 675 907 717 solet
939 690 1031 716 esse
1062 690 1138 732 per
1166 683 1393 730 aestatem,
1434 678 1510 717 sed
1541 678 1733 719 hibernis

213 741 478 797 temporibus
508 742 758 798 recipiendo
797 757 852 784 ex
883 743 1094 784 imbribus
1125 758 1262 798 aquae
1291 743 1612 786 multitudinem
1644 761 1732 786 ere-

213 823 336 850 scens
375 815 417 849 et
447 809 636 865 pondere
676 817 717 851 et
746 810 1032 867 amplitudine
1063 810 1295 867 disrumpit
1327 818 1368 852 et
1399 812 1593 854 extrudit
1624 820 1730 854 stru-

216 883 432 917 cturarum
463 878 695 934 septiones.
763 880 908 934 itaque
945 884 993 920 ut
1022 878 1122 919 huic
1154 879 1260 920 vitio
1292 878 1527 933 medeatur,
1561 882 1623 921 sic
1654 882 1735 922 erit

212 943 463 985 faciundum
505 951 553 986 ut
598 947 783 1001 primum
820 961 896 1002 pro
934 945 1220 1003 amplitudine
1259 948 1549 1002 congestionis
1582 949 1732 989 crassi-

212 1012 316 1053 tudo
356 1019 597 1053 structurae
642 1014 948 1068 constituatur,
989 1014 1145 1055 deinde
1181 1015 1227 1055 in
1256 1014 1470 1056 frontibus
1501 1016 1734 1068 anterides,

213 1081 307 1121 sive
356 1081 537 1121 erismae
583 1088 702 1135 sunt,
740 1097 825 1123 una
863 1088 1103 1136 struantur,
1144 1096 1302 1138 eaeque
1339 1083 1452 1123 inter
1488 1098 1533 1123 se
1573 1082 1735 1124 distent

214 1154 332 1189 tanto
355 1149 493 1204 spatio
526 1155 685 1205 quanta
715 1149 900 1191 altitudo
931 1149 1263 1191 substructionis
1296 1157 1359 1191 est
1390 1150 1549 1204 futura,
1582 1152 1733 1192 erassi-

213 1215 363 1256 tudine
386 1217 536 1257 eadem
558 1232 644 1274 qua
672 1216 948 1259 substructio.
999 1225 1253 1274 procurrant
1282 1224 1426 1259 autem
1456 1217 1511 1259 ab
1543 1219 1626 1260 imo
1658 1234 1733 1274 pro

213 1298 339 1338 quam
368 1285 610 1326 crassitudo
642 1286 876 1327 constituta
905 1285 1036 1327 fuerit
1067 1285 1415 1339 substructionis,
1449 1286 1605 1326 deinde
1636 1301 1733 1328 con-

213 1350 439 1393 trahantur
475 1352 691 1407 gradatim
728 1354 790 1393 ita
828 1354 892 1394 uti
931 1368 1141 1394 summam
1177 1353 1365 1395 habeant
1403 1355 1735 1409 prominentiam

215 1425 375 1475 quanta
396 1421 538 1476 operis
562 1427 626 1461 est
657 1420 913 1462 crassitudo.
973 1428 1197 1478 praeterea
1227 1422 1439 1463 introrsus
1471 1428 1619 1463 contra
1650 1428 1733 1462 ter-

211 1501 363 1528 renum
394 1489 621 1530 coniuncta
651 1503 771 1529 muro
802 1489 1001 1530 serratim
1031 1496 1266 1543 struantur,
1297 1490 1361 1530 uti
1392 1489 1553 1544 singuli
1584 1489 1734 1531 dentes

212 1554 267 1595 ab
298 1570 419 1597 muro
450 1562 617 1597 tantum
649 1556 812 1598 distent
844 1564 1003 1612 quanta
1032 1556 1217 1598 altitudo
1248 1557 1394 1598 futura
1427 1558 1507 1599 erit
1538 1557 1733 1599 substru-

214 1623 390 1677 ctionis,
436 1624 744 1665 crassitudines
782 1631 925 1666 autem
955 1625 1144 1666 habeant
1175 1624 1369 1666 dentium
1400 1632 1641 1666 structurae
1672 1626 1734 1666 uti

212 1691 337 1731 muri.
404 1693 508 1732 item
537 1693 583 1732 in
614 1693 817 1733 extremis
849 1692 1019 1747 angulis
1051 1708 1147 1734 cum
1176 1707 1395 1734 recessum
1426 1693 1556 1734 fuerit
1585 1692 1640 1733 ab
1670 1693 1732 1733 in-

212 1759 367 1799 teriore
403 1758 560 1814 angulo
592 1760 731 1816 spatio
761 1759 1005 1801 altitudinis
1039 1760 1394 1813 substructionis,
1434 1761 1479 1800 in
1508 1766 1734 1816 utramque

212 1832 378 1881 partem
420 1827 614 1882 signetur
655 1834 696 1868 et
733 1827 787 1868 ab
825 1827 891 1868 his
924 1828 1059 1883 signis
1092 1828 1315 1883 diagonios
1346 1834 1561 1870 structura.
1593 1827 1732 1869 conlo—

213 1900 354 1946 cetur,
400 1901 449 1935 et.
483 1895 537 1936 ab
578 1910 627 1936 ea
663 1896 807 1936 media
843 1895 979 1936 altera
1017 1896 1241 1937 coniuncta
1282 1911 1376 1937 cum
1413 1896 1572 1951 angulo
1610 1897 1733 1937 muri.

212 1962 274 2002 ita
304 1960 454 2003 dentes
486 1969 527 2004 et
559 1962 788 2018 diagonioe
817 1969 1058 2005 structurae
1088 1978 1174 2005 non
1204 1965 1422 2019 patientur
1452 1971 1541 2005 tota
1572 1965 1617 2005 vi
1638 1978 1732 2020 pre-

213 2043 330 2069 mere
373 2045 571 2083 murum,
618 2030 693 2072 sed
740 2031 1014 2087 dissipabunt
1058 2031 1285 2073 retinendo
1331 2032 1539 2088 impetum
1579 2046 1732 2087 conge—

212 2097 379 2138 stionis.

307 2247 317 2276 1
349 2246 397 2275 is:
424 2246 480 2276 his
501 2246 577 2278 GH.
602 2244 616 2289 Η
639 2248 657 2278 2
675 2248 934 2289 perpendiculo
952 2249 990 2279 H
1004 2247 1107 2289 (Istic,
1126 2249 1350 2290 ppendieulfi
1369 2254 1446 2281 ante
1464 2260 1553 2281 corr.
1572 2249 1635 2290 L):
1656 2261 1733 2291 per-

212 2302 408 2343 pendicula
436 2304 472 2334 G.
497 2300 511 2344 ΙΙ
535 2305 554 2334 3
569 2302 858 2344 proclinationes
880 2304 947 2335 GH
966 2304 1023 2344 (L,
1045 2305 1314 2337 declinationes
1333 2306 1371 2337 cl!
1394 2304 1458 2348 [Γ]
1489 2303 1503 2347 Η
1536 2308 1574 2337 10
1590 2306 1733 2337 faciun-

213 2357 312 2389 dum:
339 2360 387 2390 sic
408 2359 482 2389 GH.
506 2356 520 2400 ΙΙ
542 2362 601 2391 ut:
626 2360 674 2390 sie
694 2360 769 2391 (ill.
793 2358 806 2400 Η
832 2361 870 2391 12
890 2361 1043 2392 erismae
1062 2362 1099 2392 ΙΙ
1113 2361 1177 2402 (ch,
1205 2363 1275 2394 eris
1294 2373 1348 2405 me
1364 2362 1433 2403 LI),
1456 2362 1634 2393 aerismae
1656 2362 1693 2394 G.
1716 2362 1729 2365 ”

213 2417 314 2445 sunt:
340 2415 388 2446 sic
415 2415 491 2446 GH.
520 2412 535 2457 ΙΙ
565 2425 630 2447 eae
659 2416 725 2447 Gll
760 2414 843 2456 (hae
869 2417 908 2452 Ie,
927 2416 971 2458 he
995 2417 1052 2457 L).
1086 2415 1100 2459 ss
1134 2420 1174 2451 13
1201 2419 1444 2451 crassitudine
1469 2419 1562 2451 doe:
1590 2418 1731 2449 —dinis

215 2470 293 2501 Gll.
331 2467 345 2512 ΙΙ
385 2471 425 2501 14
449 2475 665 2512 procurrant
689 2495 695 2502 .
716 2497 722 2504 .
742 2498 749 2505 .
779 2472 1041 2511 contrahantur
1068 2497 1101 2507 ..
1120 2500 1128 2507 .
1156 2474 1319 2506 habeant
1349 2477 1419 2507 eth:
1447 2477 1638 2516 procurrat
1664 2500 1669 2505 .
1693 2499 1699 2505 .
1722 2503 1728 2509 ,

214 2526 453 2557 contrahatur
478 2550 484 2558 .
506 2550 513 2559 .
536 2551 541 2557 .
569 2527 706 2559 habeat
733 2528 810 2562 GH.
843 2526 857 2570 Η
889 2533 1062 2570 procurat
1087 2535 1163 2561 ante
1188 2541 1278 2563 corr.
1305 2532 1351 2564 ll.
1386 2529 1400 2573 ΙΙ
1440 2541 1503 2572 pro
1537 2540 1641 2571 quam
1668 2541 1728 2571 egle

213 2587 262 2621 (ut
290 2583 390 2614 Lucr.
418 2584 447 2619 6,
475 2584 516 2613 11
541 2582 639 2624 etc.):
666 2595 730 2626 per
756 2595 861 2626 quam
890 2586 955 2615 GH
981 2583 1060 2627 (per
1085 2595 1191 2626 quem
1216 2592 1294 2619 ante
1320 2598 1409 2619 vor-r.
1437 2587 1500 2626 H).
1524 2584 1537 2628 {l
1564 2588 1602 2617 15
1620 2587 1730 2617 fuerit

214 2638 250 2668 II
275 2636 385 2678 (Ltc):
414 2638 536 2670 fuerat
563 2639 601 2671 G.
630 2638 644 2682 Η
678 2643 716 2672 17
743 2645 924 2673 terrenum
953 2643 1147 2674 coniuncta
1172 2652 1290 2674 muro:
1316 2644 1364 2674 sic
1392 2644 1466 2674 GH.
1490 2641 1504 2684 ΙΙ
1530 2644 1571 2674 20
1597 2643 1729 2675 crassi-

212 2694 374 2725 tudines:
401 2695 502 2726 —nis
522 2695 598 2728 Gll.
630 2693 644 2738 [Ι
677 2698 718 2729 ’23
746 2697 790 2728 ab
817 2697 872 2728 his
897 2700 1062 2739 signetur
1086 2703 1164 2730 ante
1190 2710 1280 2731 corr.
1309 2700 1346 2730 G.
1377 2696 1392 2740 []
1423 2698 1613 2740 diagonios
1638 2700 1728 2732 doen:

213 2761 405 2802 diagonius
432 2763 467 2793 H
493 2761 597 2804 (Lle),
624 2764 806 2805 diagoniis
835 2766 861 2795 [ι’
887 2765 964 2803 (sed
986 2759 1220 2809 —niisznii
1248 2767 1302 2805 (iv,
1330 2767 1373 2806 (γ’,
1399 2777 1432 2806 Ι).
1457 2768 1531 2804 141,
1561 2765 1608 2807 (Ι).
1641 2764 1656 2808 Η
1688 2768 1730 2797 25

213 2817 423 2857 diagonioe:
451 2819 581 2851 —niae
608 2818 686 2858 (—e
715 2821 751 2857 G,
777 2832 842 2862 —e
870 2820 926 2860 (1'0)
956 2822 1032 2855 GH.
1056 2819 1071 2864 Η
1093 2824 1134 2854 26
1160 2822 1401 2862 dissupabunt
1425 2826 1502 2852 ante
1527 2832 1616 2853 corr.
1646 2823 1690 2853 ll.
1712 2856 1713 2860 Ἰ

213 2873 402 2906 retinendo
434 2875 482 2906 L:
521 2874 649 2907 —dum
679 2877 716 2906 ΙΙ
741 2877 828 2917 (elz),
855 2876 948 2908 -du
983 2878 1010 2909 G
1035 2878 1086 2918 (l).
1125 2876 1139 2920 Η
1179 2878 1427 2919 congestionis
1456 2880 1482 2909 (ι’
1507 2877 1585 2918 (L):
1620 2889 1728 2910 —nes

213 2928 250 2959 ll
275 2927 345 2970 (lc).

1759 621 1778 651 (51

1762 959 1802 990 10

1761 1297 1802 1329 15
