1909 3322
169 885 183 914 1
190 886 209 915 (⁷)

172 1222 211 1253 15

229 154 313 195 214
882 162 1089 192 VITRUVH

231 269 582 324 quinquagenum
603 263 762 322 pedum
782 263 896 305 linea
917 263 1119 319 diagonio
1141 265 1302 307 fuerint
1324 264 1564 321 designata,
1598 265 1746 306 eadem

232 333 530 390 magnitudine
567 339 608 374 et
647 331 797 373 eodem
841 331 999 388 pedum
1044 347 1221 374 numero
1261 339 1463 389 quattuor
1506 335 1551 375 in
1587 334 1748 375 maiore

232 408 356 444 crunt
395 401 559 442 effecta.
627 399 708 441 hac
742 400 909 441 ratione
948 399 1184 456 duplicatio
1223 400 1470 455 grammicis
1508 401 1747 442 rationibus

231 470 286 511 ab
317 468 512 522 Platone,
543 468 609 509 uti
639 467 813 508 schema
843 467 1134 525 subscriptum
1167 468 1248 509 erit
1277 468 1323 508 in
1352 468 1439 508 ima
1469 468 1641 525 pagina,
1675 483 1747 510 ex-

232 538 390 595 plicata
422 543 500 578 est.
1562 536 1565 540 ⁴

344 605 456 646 Item
492 604 763 660 Pythagoras
803 618 996 645 normam
1039 603 1131 643 sine
1169 603 1345 644 artificis
1391 603 1749 646 fabricationibus

234 675 453 715 inventam
497 670 709 725 ostendit,
755 678 796 712 et
843 671 957 728 quod
1003 686 1160 726 magno
1205 671 1352 712 labore
1397 671 1511 713 fabri
1559 687 1750 714 normam

232 742 440 782 facientes
472 739 552 780 vix
580 739 636 780 ad
667 754 817 781 verum
847 739 1082 795 perducere
1112 744 1311 795 possunt,
1352 739 1398 780 id
1436 739 1676 782 rationibus
1710 746 1751 781 et

233 807 448 850 methodis
481 806 755 848 emendatum
787 822 843 847 ex
864 807 954 847 eius
987 807 1228 863 praeceptis
1253 806 1508 862 explicatur.
1569 822 1752 864 namque

235 878 270 918 si
309 882 534 917 sumantur
572 874 745 930 regulae
782 880 870 915 tres
910 889 930 914 e
970 874 1126 930 quibus
1166 889 1250 914 una
1280 875 1336 916 sit
1372 874 1506 931 pedes
1536 887 1589 916 ΙΙΙ
1619 874 1751 916 altera

235 943 364 1002 pedes
396 955 469 984 1111
499 943 625 984 tertia
658 941 790 998 pedes
814 954 855 994 v,
890 956 1049 998 eaeque
1078 941 1255 996 regulae
1285 943 1398 984 inter
1426 958 1471 984 se
1494 944 1753 1000 compositae

239 1016 417 1066 tangant
449 1009 531 1050 alia
565 1009 691 1050 aliam
725 1010 812 1051 suis
844 1009 1140 1050 cacuminibus
1164 1011 1368 1051 extremis
1391 1011 1565 1052 schema
1595 1011 1752 1052 haben-

239 1086 300 1120 tes
322 1078 506 1133 trigoni,
540 1077 844 1119 deformabunt
873 1092 1067 1119 normam
1089 1077 1372 1119 emendatam.
1432 1078 1488 1119 ad
1520 1094 1590 1120 eas
1612 1085 1755 1120 autem
1775 1129 1785 1136 ἢ

236 1145 485 1201 regularum
517 1143 785 1200 singularum
814 1144 1109 1200 longitudines
1143 1146 1179 1186 si
1210 1145 1381 1201 singula
1402 1146 1611 1202 quadrata
1642 1147 1753 1204 pari-

236 1214 315 1255 bus
361 1212 569 1254 lateribus
615 1212 936 1265 describantur,
986 1212 1101 1268 quod
1144 1214 1224 1254 erit
1276 1215 1407 1254 trium
1453 1213 1587 1267 latus,
1633 1229 1756 1255 areae

236 1281 417 1322 habebit
447 1280 577 1336 pedes
609 1292 732 1334 VIIII,
774 1279 888 1336 quod
920 1292 1012 1333 1111,
1053 1292 1153 1333 XVI,
1188 1281 1302 1337 quod
1333 1294 1361 1322 V
1394 1283 1494 1336 erit,
1528 1294 1636 1324 XXV.
1697 1284 1755 1323 ita

238 1354 445 1404 quantum
486 1363 610 1389 areae
656 1348 814 1404 pedum
857 1362 1083 1389 numerum
1128 1348 1212 1389 duo
1259 1349 1470 1405 quadrata
1518 1364 1573 1390 ex
1617 1350 1755 1391 tribus

240 1415 425 1472 pedibus
448 1415 734 1471 longitudinis
757 1415 940 1457 laterum
963 1422 1003 1457 et
1035 1423 1236 1472 quattuor
1258 1416 1465 1471 efficiunt,
1498 1433 1633 1473 acque
1663 1425 1754 1459 tan-

240 1491 331 1526 tum
351 1499 577 1524 numerum
598 1483 743 1524 reddit
764 1498 896 1524 unum
919 1498 971 1524 ex
995 1485 1184 1540 quinque
1207 1485 1486 1541 descriptum.
1527 1485 1572 1526 id
1595 1486 1755 1542 Pytha-

172 1568 179 1573 ·
239 1567 364 1607 goras
397 1566 493 1592 cum
524 1552 776 1604 invenisset,
808 1566 894 1592 non
925 1550 1128 1592 dubitans
1160 1567 1184 1592 a
1214 1552 1351 1593 Musis
1384 1568 1429 1594 se
1459 1554 1504 1594 in
1527 1568 1574 1593 ea
1605 1554 1755 1594 inven-

238 1620 355 1660 tione
392 1620 622 1672 monitum,
669 1619 879 1660 maximas
918 1620 1081 1674 gratias
1119 1634 1250 1674 agens
1292 1620 1454 1661 hostias
1494 1621 1653 1662 dicitur
1690 1621 1757 1662 his

240 1685 546 1727 immolavisse.
608 1702 657 1727 ea
687 1693 831 1727 autem
861 1687 972 1727 ratio
995 1686 1356 1742 quemadmodum
1385 1688 1431 1728 in
1451 1687 1598 1729 multis
1630 1688 1757 1730 rebus

241 1760 282 1794 et
312 1755 524 1795 mensuris
557 1760 619 1795 est
661 1753 803 1807 utilis,
838 1755 966 1795 etiam
999 1754 1043 1794 in
1072 1754 1282 1796 aedificiis
1314 1755 1527 1797 scalarum
1558 1756 1756 1797 aedifica-

242 1821 431 1862 tionibus
463 1823 525 1862 uti
558 1828 819 1878 temperatas
851 1822 1038 1863 habeant
1069 1822 1283 1877 graduum
1314 1822 1566 1865 librationes
1591 1831 1655 1865 est
1686 1839 1757 1866 ex-

175 1903 182 1912 *
241 1888 401 1945 pedita.
461 1890 498 1929 si
530 1889 642 1929 enim
670 1889 853 1930 altitudo
885 1890 1219 1944 contignationis
1242 1890 1296 1931 ab
1319 1906 1483 1932 summa
1505 1893 1758 1934 coaxatione

335 2071 351 2100 1
379 2070 570 2111 designata
595 2071 667 2101 ed.:
693 2073 799 2101 —tae
828 2070 921 2112 (*‘t‘}
949 2071 1023 2111 EG)
1050 2071 1161 2104 ΕΘΗ.
1185 2070 1200 2114 Η
1231 2075 1250 2103 2
1278 2074 1451 2105 inmaiore
1478 2074 1580 2106 ΕΘΗ
1606 2074 1667 2115 (sie
1686 2078 1756 2118 qui-

244 2127 316 2158 dem
347 2126 401 2159 H:
441 2124 805 2166 quattuori{maiorm
846 2129 1016 2165 quattuor
1050 2128 1183 2160 maiore
1216 2127 1306 2170 Llc).
1339 2126 1352 2171 [Ι
1383 2131 1404 2161 4
1431 2130 1475 2161 ab
1508 2130 1672 2172 platone:
1712 2133 1760 2162 sic

247 2182 358 2213 EGH.
380 2179 396 2223 ῙΙ
421 2193 542 2213 scema
568 2182 631 2214 EG
650 2180 698 2222 (ut
715 2193 743 2213 υ.
766 2184 805 2212 12
825 2181 951 2220 EGH).
976 2180 990 2224 11
1015 2184 1098 2214 erit:
1127 2187 1182 2215 est
1201 2184 1231 2225 (ὃ
1245 2185 1291 2225 Ε)
1313 2186 1422 2218 EGH.
1459 2188 1504 2226 ef.
1522 2199 1551 2219 υ.
1572 2190 1590 2217 7
1605 2198 1638 2228 p.
1653 2198 1723 2229 seq.
1743 2186 1756 2229 Ι

244 2238 282 2269 in
308 2238 379 2268 ima
405 2239 559 2279 pagina,
598 2237 782 2279 explicata
809 2245 864 2269 cst
894 2249 970 2279 eyn:
1011 2239 1193 2280 explicata
1226 2245 1280 2273 est
1312 2240 1347 2282 (e
1373 2242 1418 2283 E)
1451 2243 1489 2274 in
1519 2243 1591 2274 ima
1623 2245 1760 2284 pagina

249 2294 358 2326 EGH.
383 2293 396 2336 Η
426 2296 442 2325 7
463 2294 555 2334 quod
574 2305 651 2335 ego:
679 2304 784 2335 quani
803 2294 916 2325 EGll.
949 2291 963 2334 Η
994 2294 1034 2324 is)
1052 2295 1111 2343 ,ΙΙΙ
1137 2319 1145 2327 .
1165 2320 1170 2325 .
1190 2321 1197 2326 .
1223 2298 1292 2329 IIII
1319 2325 1325 2331 .
1346 2324 1352 2331 .
1373 2324 1380 2331 .
1398 2300 1447 2330 V:
1473 2301 1521 2331 Sic
1541 2299 1651 2331 EGH.
1676 2297 1690 2342 Η
1720 2301 1756 2330 11

246 2351 354 2381 tertia
380 2350 490 2391 pedes
508 2352 537 2382 V
556 2351 620 2382 EG
639 2349 714 2390 (le):
741 2352 844 2381 terua
863 2350 927 2391 ped
944 2351 987 2389 [V
1013 2351 1049 2381 ll
1069 2350 1215 2391 (terqua
1241 2353 1351 2392 pedes
1369 2354 1421 2387 .V.
1439 2354 1497 2394 L).
1525 2353 1540 2397 Η
1568 2366 1706 2397 eaeque
1726 2356 1760 2386 H

247 2406 305 2447 (L,
334 2416 448 2446 aeque
474 2407 523 2444 elz,
551 2416 641 2447 eque
666 2406 706 2445 l):
741 2406 883 2446 haeque
916 2407 1045 2448 (heque
1076 2406 1116 2446 G)
1149 2407 1213 2439 Eo*
1249 2408 1329 2449 (lec).
1360 2407 1378 2451 [l
1416 2412 1455 2441 12
1482 2411 1654 2454 eaminib3
1682 2417 1758 2443 ante

245 2472 335 2493 corr.
362 2463 408 2496 H,
442 2460 456 2503 Η
489 2463 529 2493 13
555 2462 691 2502 trigoni
715 2473 783 2493 eum
800 2473 869 2493 νας.
898 2461 946 2504 (e)
972 2468 1049 2494 ante
1074 2465 1088 2494 t
1113 2464 1160 2494 Il.
1195 2461 1210 2505 Η
1244 2465 1284 2495 14
1309 2464 1493 2507 pai·a‡1·ib;
1520 2471 1595 2498 ante
1622 2478 1712 2501 corr.
1733 2468 1760 2499 G

247 2516 327 2557 (non
352 2517 409 2558 E).
444 2516 458 2560 Η
491 2519 532 2549 15
564 2528 642 2549 cum
675 2517 785 2558 (quod
811 2520 862 2550 ed.
889 2518 953 2558 Fl.)
987 2519 1056 2550 erit
1088 2519 1194 2550 trium
1224 2520 1337 2551 EGH.
1370 2519 1384 2562 ΙΙ
1426 2523 1464 2552 16
1498 2523 1757 2563 V1111.quod.

247 2574 321 2605 1111
339 2574 602 2615 .Xx'1.quod.
617 2575 669 2606 V.
691 2575 760 2604 erit
785 2574 900 2607 XXV:
927 2576 974 2606 sie
995 2575 1103 2606 EGII.
1127 2573 1141 2617 Ι]
1167 2576 1206 2606 18
1232 2575 1471 2617 longitudinis
1491 2578 1554 2609 EG
1573 2577 1623 2619 (l),
1650 2590 1758 2610 -nes

247 2630 287 2659 II
309 2628 364 2669 (L,
391 2630 541 2661 —nibus
567 2628 630 2670 elz).
664 2627 679 2672 Ι]
711 2631 750 2661 19
775 2630 894 2661 reddit
919 2632 987 2662 erla
1022 2631 1176 2662 reddidit
1200 2631 1312 2664 EGH.
1345 2630 1360 2674 {l
1401 2635 1559 2673 quinque
1587 2635 1622 2665 Il
1649 2634 1756 2675 (Llc):

248 2685 298 2715 ·V·
324 2685 398 2718 EG.
431 2684 445 2727 1]
477 2688 519 2717 20
545 2686 721 2717 amusisse
750 2686 792 2721 G,
826 2687 959 2718 amusis
985 2697 1022 2719 so
1049 2687 1082 2718 E
1107 2685 1272 2728 (Lclclz⁶):
1305 2689 1456 2720 amusise
1481 2690 1521 2719 II
1550 2688 1642 2729 (ante
1667 2701 1758 2725 corr,

248 2741 303 2778 LI,
330 2742 444 2772 amusi
470 2752 506 2773 se
532 2741 602 2782 cle).
637 2739 652 2784 ΙΙ
689 2743 729 2772 21
756 2741 827 2772 his:
865 2743 913 2772 sie
944 2743 1056 2774 EGII.
1090 2740 1103 2786 [Ι
1141 2745 1182 2775 23
1209 2743 1380 2775 aedificiis
1414 2744 1534 2785 (—-tiis
1560 2746 1611 2785 H)
1644 2746 1758 2777 scala-

250 2806 342 2827 rum:
360 2798 409 2828 sic
423 2797 533 2829 EGH.
552 2794 567 2839 Η
584 2797 871 2829 mutuationes:
890 2799 991 2829 —-nis
1006 2798 1107 2830 EGH
1118 2799 1248 2840 (Lceclz,
1263 2799 1490 2831 liberationis
1505 2802 1515 2831 l
1528 2805 1560 2831 ec
1575 2805 1651 2843 ante
1666 2812 1756 2833 corr.

254 2852 290 2886 L,
307 2851 541 2885 liberationes
561 2858 637 2884 ante
651 2864 739 2885 corr.
757 2852 800 2895 e).
823 2851 837 2893 Η
862 2855 903 2884 25
923 2855 1138 2887 coaxatione
1159 2856 1258 2887 Gclzc:
1285 2856 1492 2887 coaxitione
1512 2856 1614 2887 EGH
1632 2857 1757 2898 (Llclz).
