1909 3322
211 197 296 239 230
870 196 1075 227 vrruuvu

210 323 286 365 per
318 306 475 348 caudas
508 318 653 344 earum
685 316 778 342 esse
800 299 958 341 dicitur
979 299 1081 340 item
1104 312 1280 354 serpens
1311 302 1565 353 exporrecta
1595 312 1618 337 e
1646 311 1728 352 quo
1754 305 1773 335 6

212 375 336 418 stella
367 388 475 429 quae
507 371 668 412 dicitur
698 367 821 425 polus
855 366 1006 420 elucet,
1030 366 1190 407 circum
1214 371 1342 421 caput
1362 365 1537 405 maioris
1561 370 1727 420 septen—

212 444 377 485 trionis.
436 453 622 494 namque
653 451 760 493 quae
792 441 856 477 est
887 449 1097 491 proxuma
1127 433 1377 484 draconem,
1410 432 1570 473 circum
1604 437 1731 487 caput

213 512 304 552 cius
335 507 588 558 involvitur,
620 519 705 545 una
736 518 837 545 vero
870 503 1030 543 circum
1062 514 1302 558 cynosurae
1333 504 1461 555 caput
1488 499 1645 539 iniecta
1668 504 1732 539 cst

167 590 186 619 ἴ)
214 580 330 620 flexu
369 580 651 632 porrectaque
696 572 891 628 proxime
938 570 1028 611 eius
1067 567 1214 625 pedes.
1282 567 1351 608 hic
1389 572 1531 607 autem
1574 567 1731 607 intorta

214 644 503 702 replicataque
535 656 580 683 sc
610 639 811 682 attollens
851 637 1088 679 reflectitur
1125 650 1150 676 a
1180 635 1320 691 capite
1350 634 1528 675 minoris
1559 633 1615 674 ad
1645 648 1731 674 ma-

216 715 347 754 iorem
380 712 495 752 circa
525 714 713 751 rostrum
745 713 786 748 et
817 706 973 762 capitis
1006 710 1173 759 teinpus
1197 701 1421 745 dextrum.
1472 702 1575 742 item
1606 716 1734 757 supra

216 780 398 822 caudam
434 777 611 819 minoris
651 774 782 832 pedes
822 779 921 814 sunt
953 771 1115 827 Cephei
1153 770 1301 826 ibique
1337 768 1393 810 ad
1424 784 1634 810 summum
1668 784 1731 809 ca—

216 862 368 890 cumen
406 846 613 887 facientes
654 841 802 884 stellae
839 846 940 881 sunt
976 840 1193 894 trigonum
1226 836 1403 894 paribus
1435 835 1640 878 lateribus
1671 837 1733 876 in-

154 929 192 958 10
218 930 346 972 super
375 913 524 955 arietis
566 912 752 965 signum.
815 907 1122 964 septentrionis
1161 911 1305 947 autem
1342 904 1519 945 minoris
1560 910 1603 945 et
1634 903 1734 945 Cas-

219 985 364 1040 siopae
396 979 615 1022 simulacri
647 975 887 1032 complures
920 981 1020 1016 sunt
1052 972 1199 1015 stellae
1231 972 1448 1013 confusae.

331 1050 455 1101 Quae
485 1052 584 1088 sunt
620 1044 675 1085 ad
716 1044 915 1084 dextram
953 1042 1131 1097 orientis
1175 1041 1288 1082 inter
1327 1054 1477 1081 zonam
1517 1039 1737 1094 signorum

218 1125 260 1160 et
298 1116 636 1174 septentrionum
676 1110 818 1152 sidera
855 1111 900 1152 in
937 1108 1054 1150 caelo
1091 1109 1302 1164 disposita
1340 1107 1447 1148 dixi.
1515 1122 1628 1147 nunc
1666 1121 1738 1147 ex-

186 1175 388 1243 ·plicabo
420 1197 528 1240 quae
557 1181 612 1222 ad
643 1180 862 1220 sinistram
893 1177 1069 1219 orientis
1102 1175 1438 1231 meridianisque
1467 1174 1662 1231 partibus
1683 1174 1738 1215 ab

157 1266 194 1296 15
219 1260 375 1295 natura
405 1257 503 1292 sunt
534 1247 780 1290 distributa.

130 1333 196 1364 VII
334 1320 526 1360 Primum
557 1316 636 1357 sub
675 1315 924 1371 capricorno
964 1311 1181 1353 subiectus
1220 1311 1351 1367 piscis
1389 1310 1607 1352 austrinus
1640 1325 1734 1351 cau-
1764 1318 1821 1360 (V)

222 1388 320 1429 dam
348 1385 616 1443 prospiciens
647 1382 745 1423 ceti.
795 1381 849 1422 ab
881 1395 929 1422 00
960 1378 1015 1420 ad
1047 1379 1320 1434 sagittarium
1351 1378 1468 1420 locus
1499 1384 1563 1419 est
1584 1378 1740 1419 inanis⁰

222 1454 459 1497 turibulum
506 1451 585 1492 sub
633 1449 870 1505 scorpionis
916 1447 1078 1489 aculeo.
1157 1447 1346 1488 centauri
1393 1447 1557 1502 priores
1596 1452 1740 1502 partes

223 1523 445 1579 proxima-e
492 1525 591 1560 sunt
639 1517 774 1558 librae
812 1522 853 1557 et
891 1515 1120 1571 scorpioni.
1194 1520 1313 1556 tenet
1357 1514 1402 1554 in
1448 1513 1647 1554 manibus
1687 1514 1741 1555 si—

157 1606 199 1634 20
225 1590 458 1631 mulacrum
510 1586 555 1628 id
594 1584 707 1641 quod
745 1585 930 1625 bestiam
969 1589 1182 1624 astrorum
1227 1582 1356 1638 periti
1399 1581 1741 1623 nominaverunt.

225 1659 438 1713 virginem
470 1661 511 1696 et
542 1654 707 1695 leonem
739 1659 779 1694 et
810 1665 1010 1692 cancrum
1040 1651 1192 1704 anguis
1215 1649 1438 1706 porrigens
1468 1664 1622 1703 agmen
1644 1648 1742 1690 stel-

225 1726 362 1767 larum
393 1725 576 1765 intortus
609 1720 837 1775 succingit,
869 1719 1043 1774 regione
1076 1717 1217 1758 caneri
1250 1718 1419 1771 erigens
1451 1722 1658 1770 rostrum⁷
1689 1716 1744 1757 ad

227 1793 391 1835 leonem
438 1790 666 1845 medioque
713 1801 889 1843 corpore
933 1786 1151 1827 sustinens
1195 1790 1360 1825 cratera
1396 1783 1450 1824 ad
1489 1799 1745 1840 manumque

228 1859 412 1914 virginis
453 1857 633 1899 caudam
665 1854 904 1907 subiciens,
947 1853 991 1893 in
1023 1867 1105 1908 qua
1136 1854 1248 1894 inest
1279 1866 1448 1893 corvus.
1509 1867 1618 1908 quae
1648 1858 1746 1893 sunt

161 1941 203 1971 25
227 1933 368 1968 autem
415 1940 545 1981 supra
588 1922 785 1979 scapulas
830 1935 1042 1977 peraeque
1089 1926 1188 1962 sunt
1232 1919 1433 1961 lucentia.
1499 1919 1554 1961 acl
1591 1920 1778 1974 anguis³

1773 1935 1790 1962 [x-

322 2053 336 2082 1
367 2061 488 2082 earum
507 2050 678 2090 Her-ingla:
707 2057 828 2079 eorum
848 2047 961 2079 EGH.
993 2043 1006 2088 Η
1041 2048 1256 2087 exporrecta
1274 2046 1447 2087 Iler-ingla:
1475 2048 1530 2077 est
1548 2045 1579 2086 (fi
1600 2046 1640 2086 G)
1668 2057 1746 2087 1101·

232 2111 334 2140 recta
362 2107 473 2139 EGH.
496 2103 510 2148 Η
545 2116 562 2136 0
589 2115 658 2145 quo
678 2104 712 2144 (i.
729 2114 757 2135 e.
777 2102 885 2142 unde)
905 2113 982 2144 ego:
1011 2111 1131 2142 aequa
1148 2101 1259 2133 ΕΘΗ.
1284 2099 1298 2143 Η
1325 2103 1344 2132 2
1370 2101 1474 2143 polus
1491 2102 1544 2133 hc:
1571 2105 1651 2143 post
1669 2101 1747 2143 plus

234 2164 335 2195 ΕΘΗ
353 2162 479 2203 (Llclc).
502 2159 516 2204 Η
539 2163 558 2194 3
585 2171 677 2202 quae
704 2160 788 2202 (quq
811 2159 886 2198 ΕΘ)
915 2162 970 2190 est
992 2157 1137 2200 proxu(1
1152 2157 1306 2200 EG)ma:
1333 2159 1382 2189 sio
1408 2157 1519 2189 ΕΘΗ.
1544 2155 1558 2199 11
1581 2159 1601 2189 4
1620 2168 1747 2198 cynos-

234 2231 314 2261 sure
336 2219 407 2250 ΕΘ.
426 2216 439 2260 Η
462 2221 482 2250 5
500 2219 594 2249 flexu
611 2218 667 2249 ech
695 2214 750 2258 [v],
776 2216 870 2247 flexa
894 2220 971 2247 (mie
995 2225 1084 2247 corr.
1106 2216 1132 2246 l:
1152 2214 1249 2245 fluxu
1263 2214 1365 2246 ΕΘΗ
1384 2212 1502 2254 (mee).
1527 2212 1541 2255 Η
1563 2214 1621 2246 hic
1643 2215 1746 2247 Hera:

234 2276 324 2307 haec
351 2275 433 2316 (1100
457 2273 534 2314 ΕΘ)
561 2274 672 2305 ΕΘΗ.
702 2270 717 2314 Η
748 2273 767 2303 6
794 2283 831 2303 sc
859 2271 1036 2303 adtollens
1062 2270 1263 2302 reflectitur
1290 2281 1310 2301 a
1336 2270 1416 2303 EG:
1450 2280 1509 2303 om.
1539 2270 1573 2300 H
1599 2270 1702 2310 (ΜΟ).
1732 2269 1744 2309 l*

234 2333 252 2363 7
280 2332 379 2362 circa
405 2332 577 2362 rostrum:
602 2331 651 2360 sic
668 2329 781 2360 EGH.
813 2326 827 2370 11
859 2330 879 2359 8
906 2327 1059 2368 eoephei
1077 2327 1113 2358 H
1136 2324 1209 2368 (L).
1243 2324 1257 2368 ΙΙ
1290 2327 1331 2358 10
1357 2326 1548 2367 cassiopae
1574 2327 1610 2357 H
1637 2324 1745 2368 (l1I‹·‘):

235 2388 337 2429 —pizg
363 2387 437 2417 ΕΘ.
471 2383 485 2427 ΙΙ
519 2386 557 2416 11
585 2384 706 2416 stillae
733 2385 780 2417 ΙΙ.
812 2382 827 2426 Η
861 2386 901 2416 13
927 2383 1213 2425 septentrionum
1241 2383 1276 2413 H
1302 2381 1412 2423 (Gelo,
1445 2385 1585 2424 septem
1610 2385 1654 2414 tr.
1683 2383 1745 2421 L):

235 2443 520 2485 septentrionem
547 2441 579 2471 E
609 2446 641 2472 el
668 2440 784 2481 (—-n‹‘¹,)
812 2444 889 2471 ante
920 2450 1011 2471 corr.
1039 2439 1075 2472 G.
1108 2436 1122 2481 Η
1161 2439 1235 2470 dixi
1271 2448 1350 2469 esse
1384 2447 1479 2468 nunc
1512 2436 1747 2477 (esse.Nnnc

236 2500 312 2536 ΕΘ)
339 2498 441 2530 ΕΘΗ
466 2497 558 2538 (esse
584 2498 648 2529 del.
673 2495 774 2535 ι100).
811 2494 824 2537 ΙΙ
858 2496 897 2526 14
924 2496 969 2526 ab
996 2497 1127 2526 natura
1151 2497 1197 2527 le:
1231 2494 1275 2525 ob
1308 2496 1440 2525 natura
1465 2494 1520 2532 ll,
1553 2494 1596 2525 ol)
1622 2496 1749 2525 natura

239 2558 265 2587 Θ
290 2555 365 2595 (L),
393 2565 414 2585 a
431 2556 563 2585 natura
581 2553 622 2586 E.
655 2549 668 2595 ΙΙ
694 2553 732 2583 17
752 2552 825 2583 ceti
844 2552 947 2584 Phia:
976 2550 1103 2592 cephei
1129 2550 1240 2581 EGH.
1264 2547 1278 2591 ΙΙ
1305 2551 1344 2581 18
1368 2548 1545 2581 turribulfi
1564 2554 1641 2581 artie
1659 2560 1748 2581 corr.

239 2612 274 2643 Θ.
292 2609 306 2653 Η
334 2612 372 2641 19
390 2609 572 2651 scorpioni
590 2607 720 2649 (Phia).
747 2610 846 2638 tenet
865 2607 1019 2648 (Barh.):
1047 2606 1274 2648 scorpionem
1294 2604 1395 2645 (—ne
1413 2606 1449 2645 G,
1471 2615 1594 2637 —nem
1612 2629 1617 2636 .
1634 2604 1680 2645 E>
1700 2608 1749 2636 te-

238 2670 324 2698 nent
341 2667 456 2698 ΕΘΗ.
473 2663 487 2707 ΙΙ
504 2667 546 2697 20
559 2664 791 2705 Advirginem
802 2663 902 2695 ΕΘΗ
919 2663 977 2704 (ad
999 2664 1062 2695 del.
1078 2662 1201 2703 Man).
1219 2659 1233 2703 ΙΙ
1250 2663 1291 2693 22
1307 2664 1458 2693 rostrum
1476 2663 1567 2694 (1'0l02
1590 2663 1749 2692 nostruin

239 2724 329 2763 (0Ἦῇ
357 2722 435 2762 ΕΘ)
463 2721 567 2754 ΕΘΗ
590 2721 665 2760 (secl
685 2731 791 2761 supra
819 2720 862 2751 Θί·
885 2731 951 2753 ser,
979 2717 1124 2759 rostri—1).
1157 2715 1171 2760 Η
1210 2719 1251 2749 23
1278 2720 1420 2748 cratera
1445 2718 1495 2757 (ut
1517 2728 1552 2758 p.
1577 2727 1648 2758 seq.
1675 2728 1702 2749 υ.
1731 2720 1748 2748 2

239 2777 378 2819 omnes):
401 2780 579 2809 craterem
597 2777 650 2808 hic
668 2776 778 2807 ΕΘΗ.
799 2772 870 2817 1121
888 2775 1079 2816 virgininis
1097 2775 1123 2805 Θ
1137 2773 1215 2813 (non
1230 2773 1287 2814 E).
1307 2770 1320 2815 ΙΙ
1339 2784 1464 2805 corvos
1483 2774 1518 2804 H
1533 2771 1605 2813 (L)
1624 2769 1637 2814 ΙΙ
1656 2781 1748 2812 quae

240 2836 322 2865 sunt
337 2833 679 2865 autem—lucentia
696 2837 774 2873 post
790 2830 958 2862 videntur
976 2843 1004 2863 υ.
1027 2832 1046 2862 4
1064 2841 1098 2871 p.
1114 2840 1185 2872 seq.
1204 2830 1373 2860 transtulit
1392 2829 1482 2860 Mar.
1500 2826 1514 2870 ΙΙ
1531 2830 1573 2860 25
1586 2828 1747 2859 lucentia

242 2891 312 2922 erla
340 2890 505 2932 lugentia
531 2890 640 2920 El'r'llv
666 2886 680 2931 11
705 2888 882 2929 adanguis
901 2888 935 2918 ll
954 2887 1063 2927 (Llc):
1092 2886 1221 2928 anguis
1247 2885 1310 2917 EG
1329 2884 1508 2927 (lugentia
1526 2883 1680 2926 anguis).
