1909 3322
227 226 307 267 134
874 228 1079 258 vlrizuvn

223 336 420 392 inperitis
452 335 508 375 sit
539 330 913 382 committendum,
953 329 1069 385 ipsos
1111 329 1254 384 potius
1293 327 1512 381 digniores
1556 340 1649 367 esse
1680 324 1736 365 ad

227 419 345 446 suam
375 401 642 442 Voluntatem
673 412 800 454 quam
829 396 885 437 ad
914 395 1099 436 alienam
1129 395 1335 451 pecuniae
1356 407 1604 434 consumere
1626 406 1737 433 sum-

227 486 353 511 mam.
412 469 560 524 itaque
588 480 712 507 nemo
742 470 879 506 artem
907 462 1039 504 ullam
1068 461 1197 503 aliam
1229 466 1406 501 conatur
1436 460 1553 500 domi
1571 459 1737 511 facere,
1765 469 1783 498 7

228 539 292 578 uti
323 537 531 578 sutrinam
572 533 820 575 fullonicam
857 537 931 571 aut
963 545 1017 570 ex
1048 529 1200 570 ceteris
1240 542 1348 583 quae
1379 533 1478 568 sunt
1508 525 1740 579 faciliores,

228 605 312 646 nisi
342 603 695 654 architecturam,
733 599 831 640 ideo
864 598 978 653 quod
1010 597 1083 653 qui
1113 596 1367 652 profitentur
1403 609 1489 635 non
1519 600 1610 634 arte
1639 607 1743 634 vera

231 671 306 713 sed
336 669 445 711 falso
475 669 751 710 nominantur
788 665 1026 706 architecti.
1087 678 1192 719 quas
1231 662 1285 703 ob
1323 676 1391 702 res
1423 676 1576 718 corpus
1607 660 1742 701 archi-

229 744 422 779 tecturae
442 737 717 790 rationesque
747 735 836 774 eius
865 731 1016 788 putavi
1038 730 1372 785 diligentissime
1395 728 1743 779 conscribendas,

232 806 412 861 opinans
443 803 489 844 id
518 818 672 843 munus
704 799 902 842 omnibus
940 797 1140 852 gentibus
1171 798 1257 838 nen
1286 797 1506 851 ingratum
1536 795 1743 836 futurum.

233 873 366 927 igitur
397 871 599 926 quoniam
635 870 681 909 in
712 868 860 923 quinto
892 864 944 905 de
976 865 1297 921 opportunitate
1329 863 1617 904 communium
1647 876 1744 918 ope-

169 950 209 980 10
234 955 328 980 rum
373 937 631 994 perscripsi,
677 936 721 975 in
758 934 839 975 hoc
877 932 1096 974 volumine
1139 932 1407 987 privatorum
1453 929 1746 971 aedificiorum

233 1005 583 1048 ratiocinationes
615 1008 656 1043 et
687 1015 954 1042 commensus
987 1000 1333 1056 symmetriarum
1365 996 1605 1053 explicabo.

196 1084 212 1113 Ι
350 1071 469 1113 Haec
500 1076 642 1111 autem
672 1070 734 1109 ita
765 1074 889 1108 erunt
917 1073 1034 1107 recte
1065 1066 1289 1122 disposita,
1323 1067 1359 1106 si
1391 1066 1527 1120 primo
1557 1065 1748 1104 animad-
1776 1071 1792 1101 1

236 1154 409 1180 versum
441 1137 572 1177 fuerit
611 1135 768 1191 quibus
805 1134 1054 1189 regionibus
1092 1140 1167 1174 aut
1205 1132 1360 1188 quibus
1399 1131 1750 1173 inclinationibus

236 1206 383 1247 mundi
407 1204 735 1245 constituantur.
786 1215 971 1257 namque
992 1200 1117 1242 aliter
1138 1200 1355 1256 Aegypto,
1377 1199 1503 1240 aliter
1525 1198 1750 1255 Hispania,

171 1286 211 1315 15
236 1289 321 1315 non
359 1272 508 1313 codem
544 1269 671 1310 modo
708 1269 868 1321 Ponto,
916 1267 1184 1309 dissimiliter
1222 1267 1405 1320 Romae,
1450 1267 1553 1307 item
1600 1266 1752 1307 ceteris

238 1348 448 1382 terrarum
479 1344 520 1378 et
550 1338 775 1391 regionum
812 1335 1150 1392 proprietatibus
1188 1340 1383 1390 oportere
1422 1332 1625 1374 videntur
1655 1348 1752 1374 con-

240 1408 362 1448 stitui
393 1419 550 1460 genera
580 1404 895 1455 aedificiorum,
944 1402 1057 1458 quod
1095 1401 1179 1442 alia
1215 1407 1335 1457 parte
1368 1400 1469 1442 solis
1502 1415 1630 1442 cursu
1660 1415 1753 1456 pren

240 1475 371 1515 mitur
401 1471 548 1523 tellus,
588 1471 673 1512 alia
703 1471 829 1524 longe
859 1469 913 1510 ab
945 1484 993 1511 eo
1025 1469 1177 1521 distat,
1209 1468 1293 1508 alia
1323 1482 1399 1523 per
1428 1468 1620 1508 medium
1649 1474 1753 1509 tem-

240 1547 428 1597 peratur.
489 1539 623 1593 igitur
652 1538 717 1579 uti
747 1538 998 1578 constitutio
1036 1535 1188 1577 mundi
1218 1535 1274 1575 ad
1304 1542 1443 1576 terrac
1474 1536 1661 1591 spatium
1691 1536 1755 1575 in-

176 1622 217 1650 20
243 1608 473 1649 clinatione
512 1605 711 1660 signiferi
750 1603 899 1645 circuli
931 1610 972 1644 et
1003 1603 1104 1645 solis
1138 1618 1265 1643 cursu
1297 1602 1543 1657 disparibus
1576 1601 1754 1657 qualita-

243 1675 358 1716 tibus
390 1672 645 1714 naturaliter
677 1678 741 1712 est
772 1670 1005 1724 conlocata,
1038 1671 1093 1711 ad
1125 1670 1307 1710 eundem
1337 1669 1513 1710 modum
1543 1670 1672 1710 etiam
1702 1670 1758 1710 ad

243 1742 465 1796 regionum
503 1740 690 1780 rationes
730 1737 922 1793 caelique
952 1739 1186 1779 varietates
1224 1737 1428 1777 videntur
1465 1736 1758 1778 aedificiorum

245 1809 402 1849 debere
433 1807 563 1861 dirigi
595 1806 923 1847 conlocationes.
975 1805 1054 1846 sub
1086 1805 1377 1860 septentrione
1407 1803 1605 1844 aedificia
1624 1810 1757 1845 testu-

247 1876 394 1916 dinata
425 1881 467 1914 et
496 1874 685 1913 maxime
716 1872 916 1913 conclusa
956 1879 996 1913 et
1025 1887 1111 1913 non
1143 1872 1332 1927 patentia
1363 1870 1439 1912 sed
1468 1885 1675 1912 conversa
1704 1871 1760 1911 ad

180 1956 222 1986 25
248 1941 408 1983 calidas
439 1947 583 1996 partes
614 1946 810 1996 oportere
841 1940 934 1979 fieri
964 1939 1181 1989 Videntur.
1227 1945 1374 1979 contra
1403 1944 1545 1978 autem
1575 1938 1655 1979 sub
1682 1939 1758 1979 im-

248 2016 350 2065 pctu
382 2007 483 2048 solis
515 2006 765 2047 meridianis
805 2005 1076 2060 regionibus,
1118 2005 1231 2060 quod
1268 2011 1520 2061 premuntur
1550 2019 1574 2044 a
1606 2004 1759 2058 calore,

249 2075 490 2132 patentiora
527 2088 819 2128 conversaque
858 2073 912 2113 ad
951 2073 1288 2128 septentrionem
1320 2078 1361 2112 et
1390 2070 1633 2127 aquilonem
1665 2078 1762 2113 sunt

249 2141 465 2183 faciunda.
524 2141 584 2181 ita
615 2140 728 2196 quod
758 2139 871 2180 ultra
907 2146 1059 2180 natura
1097 2138 1252 2192 laedit,
1291 2146 1382 2180 arte
1420 2141 1500 2180 erit
1532 2139 1760 2179 emendan-

251 2209 365 2250 dum.
424 2209 528 2248 item
548 2206 724 2263 reliquis
746 2207 996 2261 regionibus
1025 2206 1081 2246 ad
1109 2205 1293 2246 cundem
1314 2206 1487 2246 modum
1509 2212 1760 2262 temperata,

186 2296 227 2325 30
253 2275 611 2332 quemadmodum
663 2273 826 2315 caelum
879 2280 943 2315 est
994 2274 1050 2314 ad
1101 2272 1421 2314 inclinationem
1472 2273 1620 2315 mundi
1666 2288 1762 2315 con-

252 2343 452 2384 locatum.

184 617 203 645 211

1784 1813 1803 1842 [0

366 2409 487 2449 Haec
523 2414 666 2449 autem
706 2422 758 2447 ex
796 2414 948 2449 natura
986 2423 1128 2449 rerum
1164 2415 1262 2448 sunt
1299 2408 1684 2449 animadvertenda
1722 2414 1763 2449 et
1789 2417 1808 2446 3

255 2475 566 2517 consideranda
594 2481 722 2531 atquc
754 2475 881 2515 ctiam
913 2490 967 2516 cx
988 2475 1192 2517 membris
1215 2475 1550 2530 corporibusque
1570 2476 1764 2530 gentium

348 2626 367 2655 8
393 2624 429 2654 id
454 2632 580 2654 munus
606 2623 674 2653 erla
708 2622 873 2653 inmunus
899 2622 1002 2653 EGll
1027 2621 1084 2663 (le,
1111 2622 1179 2653 hoc
1204 2632 1331 2653 munus
1359 2623 1403 2659 L,
1435 2632 1562 2653 munus
1595 2623 1702 2654 deleto
1728 2623 1765 2653 in

261 2680 331 2717 GC).
363 2676 377 2720 Η
411 2680 449 2709 11
476 2678 738 2710 rationationes
763 2683 839 2709 unte
864 2688 954 2710 corr.
981 2679 1028 2709 H.
1061 2676 1075 2719 Η
1108 2679 1148 2710 15
1174 2678 1274 2710 Itersx
1306 2678 1338 2709 E
1370 2677 1437 2716 (Ite
1465 2678 1519 2718 G).
1550 2675 1565 2719 [Ι
1598 2679 1637 2708 19
1663 2677 1766 2709 111611-

260 2736 406 2766 natione
430 2735 482 2767 ed.
509 2733 625 2775 (ree.):
652 2735 688 2765 in
712 2734 951 2765 inclinatione
977 2734 1090 2768 EGH.
1119 2731 1133 2775 ΙΙ
1161 2736 1203 2765 23
1230 2734 1454 2766 conlotiones
1471 2738 1548 2765 ante
1573 2744 1661 2766 corr.
1682 2734 1728 2764 ll.
1748 2732 1762 2773 [l

261 2792 301 2820 24
326 2790 491 2830 potentia
516 2790 548 2820 E
573 2790 655 2829 (non
682 2790 732 2830 G).
755 2788 771 2832 [1
793 2791 835 2821 ‘2ss
860 2790 1006 2831 regibus
1030 2795 1107 2821 ante
1124 2800 1213 2821 corr.
1243 2790 1269 2820 G
1296 2789 1375 2830 (non
1392 2788 1452 2830 E).
1481 2787 1494 2830 ΙΙ
1526 2790 1568 2820 28
1595 2788 1765 2820 faciunda

264 2846 330 2875 GH
343 2844 418 2885 (L):
440 2845 612 2877 facienda
626 2846 657 2876 E
672 2844 740 2885 (le).
764 2842 779 2887 Η
812 2847 853 2878 28
869 2845 978 2876 ultra:
997 2847 1045 2877 sic
1063 2845 1178 2877 EGII.
1202 2842 1218 2887 [l
1240 2846 1281 2876 29
1296 2847 1497 2886 temperata
1516 2854 1576 2885 ⁶²90
1595 2844 1766 2884 (—randa

263 2900 387 2940 ,llar·.):
424 2901 617 2941 temperari
644 2901 756 2935 EGll,
