1909 3322
176 927 211 955 lo

177 1262 213 1291 15

231 196 314 237 232
882 195 1089 226 vrrnuvn

230 307 532 361 negotiatore&
566 302 638 357 qui
668 300 723 341 ad
754 304 968 340 extremas
990 298 1183 353 Aegypti
1214 297 1411 351 regiones
1444 295 1748 351 proximasque

231 373 394 415 ultimis
426 370 584 411 finibus
615 375 753 409 terrae
785 366 1106 407 terminationes
1138 364 1324 404 fuerunt.

346 439 408 479 De
439 436 589 478 mundi
621 436 733 476 circa
764 441 921 476 terram
944 431 1250 489 pervolitantia
1271 430 1583 485 duodecimque
1605 431 1743 484 signo-
1774 436 1852 476 (VI)

232 523 325 549 rum
347 521 402 547 ex
424 502 749 561 septentrionali
772 501 1092 555 meridianaque
1114 504 1234 554 parte
1256 498 1446 539 siderum
1468 497 1750 552 dispositione

190 590 199 614 .·
233 581 279 616 ut
311 575 366 615 sit
398 577 625 629 perspecta
656 570 796 611 docui.
856 583 1040 624 namque
1082 582 1137 607 cx
1176 580 1223 606 ea
1254 564 1404 606 mundi
1435 566 1679 605 versatione
1711 571 1751 605 et

234 642 446 683 contrario
476 639 577 681 solis
608 653 683 694 per
705 638 828 692 signa
850 651 977 678 cursu
999 648 1344 690 gnomonumque
1365 631 1750 688 aequinoctialibus

234 709 399 751 umbris
430 706 811 749 analemmatorum
842 703 1120 744 inveniuntur
1151 701 1477 756 descriptiones.
1528 706 1669 741 cetera
1698 715 1752 740 ex
1777 711 1784 720 2

236 776 494 831 astrologia,
534 788 638 829 quos
678 773 852 813 effectus
890 770 1079 811 habeant
1118 769 1241 824 signa
1282 780 1348 808 XII
1361 801 1372 821 ,
1413 766 1561 809 stellae
1591 779 1635 820 v,
1674 766 1751 821 sol,

237 845 336 885 luna
365 843 421 884 ad
450 843 661 883 humanae
693 841 810 880 vitae
847 838 1077 890 rationem,
1119 834 1433 877 Chaldaeorum
1463 835 1751 876 ratiocinatio-

235 913 361 954 nibus
394 917 458 951 est
489 907 833 959 concedendum,
873 903 986 960 quod
1025 904 1199 960 propria
1237 909 1300 944 cst
1340 918 1485 943 eorum
1517 901 1751 957 genethlia-

237 980 375 1035 logiae
405 979 515 1019 ratio
545 976 609 1017 uti
640 975 806 1031 possint
836 971 1052 1014 antefacta
1084 978 1124 1012 et
1155 971 1301 1012 futura
1332 985 1387 1011 ex
1417 970 1753 1011 ratiocinationi-

238 1048 317 1088 bus
339 1053 551 1086 astrorum
574 1041 806 1098 explicare.
865 1055 1009 1081 eorum
1031 1046 1175 1080 autem
1196 1039 1467 1079 inventiones
1489 1037 1756 1093 reliquerunt

239 1116 367 1169 inque
406 1111 598 1153 sollertia
634 1108 990 1163 acuminibusque
1033 1106 1207 1147 fuerunt
1244 1106 1410 1161 magnis
1457 1106 1531 1161 qui
1568 1105 1622 1146 ab
1663 1106 1755 1161 ipsa

238 1182 412 1223 natione
434 1177 749 1221 Chaldaeorum
779 1175 1090 1232 profluxerunt,
1123 1174 1371 1230 primusque
1401 1172 1587 1214 Berosus
1618 1174 1663 1213 in
1694 1173 1754 1213 in-

240 1248 332 1290 sula
364 1254 405 1288 et
436 1247 613 1287 civitate
635 1244 723 1286 Coo
756 1242 950 1285 consedit
975 1243 1122 1298 ibique
1150 1242 1320 1297 aperuit
1341 1239 1629 1297 disciplinam,
1661 1247 1758 1296 post

240 1318 279 1357 ei
310 1315 487 1356 studens
519 1313 751 1368 Antipater
781 1312 1022 1365 iterumque
1053 1308 1379 1362 Athenodorus,
1412 1309 1486 1364 qui
1517 1309 1645 1349 etiam
1674 1323 1758 1349 non

241 1399 263 1424 e
293 1381 517 1423 nascentia
555 1379 630 1421 sed
670 1394 723 1421 ex
754 1379 1031 1434 conceptione
1068 1375 1429 1431 genethlialogiae
1466 1376 1652 1417 rationes
1685 1391 1757 1416 ex-

242 1451 421 1507 plicatas
443 1447 632 1504 reliquit.
691 1447 744 1487 de
765 1446 1034 1487 naturalibus
1055 1451 1199 1486 autem
1219 1444 1347 1485 rebus
1369 1443 1524 1485 Thales
1546 1443 1757 1496 Milesius,
1784 1452 1803 1481 3

242 1519 526 1571 Anaxagoras
567 1514 888 1567 Clazomenius,
930 1513 1198 1569 Pythagoras
1232 1511 1422 1564 Samius,
1469 1511 1760 1567 Xenophanes

243 1584 556 1640 ColophoniuS,
589 1582 860 1623 Democritus
892 1581 1126 1622 Abderites
1157 1580 1366 1633 rationeS,
1399 1579 1555 1635 quibus
1588 1594 1661 1619 eae
1692 1594 1758 1619 res

243 1660 395 1694 natura
426 1665 567 1692 rerum
597 1649 952 1704 gubernarentur,
986 1646 1344 1704 quemadmodum
1376 1661 1556 1702 cumque
1586 1646 1760 1688 effectus

245 1720 430 1761 habeant
469 1718 736 1772 excogitatas
774 1716 1054 1772 reliquerunt.
1115 1730 1293 1771 quorum
1331 1715 1507 1755 inventa
1538 1715 1673 1755 secuti
1706 1715 1759 1755 si-

245 1788 395 1829 derum
417 1792 534 1827 ortus
566 1791 607 1826 et
637 1800 811 1825 occasus
834 1783 1240 1840 tempestatiumquc
1262 1781 1529 1837 significatus
1552 1781 1761 1823 Eudoxus

247 1856 490 1897 Euctemon
521 1852 744 1908 Callippus
776 1852 893 1894 Meto
932 1850 1157 1907 Philippus
1196 1849 1473 1906 Hipparchus
1504 1849 1664 1891 Aratus
1696 1864 1760 1890 ce-

1780 709 1796 736 {v

342 2051 361 2079 3
387 2048 456 2079 XII
482 2056 549 2088 que
576 2046 648 2077 EG.
681 2042 695 2087 Η
727 2046 746 2076 5
772 2048 966 2086 perspecta
992 2044 1101 2079 .1Iczr.:
1128 2046 1295 2085 pspectus
1322 2042 1432 2074 ΕΘΗ.
1458 2040 1472 2084 Η
1501 2053 1532 2076 ν.
1559 2043 1765 2074 econtrario

256 2104 295 2136 Ε.
325 2101 340 2145 Η
381 2103 585 2144 gnominum
618 2101 730 2133 EGH.
764 2099 778 2143 Η
812 2103 829 2133 7
856 2100 1095 2140 analem(—-le
1119 2099 1195 2140 EG)
1230 2099 1499 2140 :mariq—rum
1529 2097 1571 2140 ᾖ)
1608 2099 1715 2132 ΕΘΗ.
1747 2100 1760 2140 Ι,

253 2163 273 2193 8
301 2158 503 2200 astralogia
532 2158 602 2191 EG.
635 2155 650 2199 Η
680 2158 860 2189 habeant:
887 2158 934 2188 sie
959 2157 1071 2189 ΕΘΗ.
1102 2155 1117 2198 Η
1143 2156 1211 2187 XII
1327 2155 1374 2186 V:
1401 2157 1448 2186 sic
1473 2155 1585 2187 EGH.
1616 2153 1631 2198 Η
1657 2158 1676 2187 9
1702 2156 1764 2187 hu-

254 2226 381 2247 manae
406 2215 496 2246 ·loe.:
524 2216 613 2245 —na
638 2214 748 2245 EGH.
783 2211 797 2255 Η
836 2215 874 2245 10
901 2213 1008 2255 quod:
1042 2213 1128 2253 quia
1159 2212 1202 2245 E.
1234 2209 1248 2253 Η
1287 2214 1328 2243 10
1360 2211 1407 2251 (et
1434 2211 1489 2251 17)
1523 2211 1764 2252 genethlialo-

255 2273 336 2314 giae
368 2272 460 2303 .loc.:
499 2269 754 2312 gentililogiac
787 2269 899 2301 ΕΘΗ.
939 2267 952 2312 Η
994 2271 1031 2301 12
1056 2269 1287 2301 inventiones
1319 2268 1543 2308 reliquerunt
1573 2268 1681 2309 inque
1715 2267 1765 2308 (in

256 2339 346 2370 quae
375 2328 426 2367 H,
457 2328 566 2368 inquo
593 2326 651 2366 G⁶>
683 2325 864 2357 sollertia:
905 2327 953 2357 sic
979 2325 1090 2358 ΕΘΗ.
1123 2323 1138 2368 Η
1178 2327 1217 2356 15
1244 2335 1323 2356 coo:
1361 2325 1409 2355 sie
1437 2324 1548 2355 ΕΘΗ.
1578 2321 1594 2366 Η
1627 2327 1708 2365 post
1734 2325 1764 2356 ei

256 2386 398 2427 (postea
438 2384 471 2414 ei
503 2382 624 2422 Mar.):
671 2385 751 2423 post
791 2393 834 2413 ea
872 2382 982 2413 ΕΘΙΙ.
1020 2379 1034 2424 Η
1074 2384 1114 2414 16
1151 2381 1348 2422 iterumque
1388 2380 1629 2422 achinapolus
1666 2381 1768 2413 ΕΘΗ

256 2440 522 2480 (Athenodorus
559 2437 647 2481 egso).
685 2435 698 2479 Η
738 2439 778 2469 19
812 2437 1056 2470 clazomenius
1087 2439 1177 2470 doen:
1220 2437 1431 2478 glagomeus
1463 2436 1575 2470 ΕΘΗ.
1608 2434 1622 2478 Η
1661 2447 1766 2468 zeno-

257 2497 395 2538 phanes
422 2496 534 2527 EGH.
562 2492 576 2537 Η
605 2496 647 2526 20
675 2494 803 2534 quibus
837 2505 902 2526 eae
934 2506 991 2526 res
1018 2505 1092 2536 esso:
1128 2493 1257 2535 quibus
1292 2494 1419 2524 erebus
1451 2492 1564 2534 (quib3
1592 2492 1688 2533 ereb3
1715 2493 1766 2531 ll)

258 2554 369 2585 ΕΘΗ.
402 2550 417 2595 Η
448 2553 488 2583 21
516 2550 819 2592 gubernarentur:
861 2554 909 2583 sic
940 2551 1051 2583 ΕΘΗ.
1081 2548 1096 2593 Η
1136 2560 1239 2591 quem
1267 2549 1456 2580 admodum
1489 2558 1604 2589 eumq:
1632 2548 1673 2583 Ε,
1701 2551 1767 2588 φυζ-

258 2609 411 2641 admodu
448 2609 529 2650 εἴπῃ
561 2608 614 2643 ll,
644 2608 771 2646 —cslsp
803 2606 840 2638 G.
880 2605 894 2650 Η
930 2609 972 2639 22
1004 2607 1164 2638 habeant
1194 2606 1307 2637 Rode:
1348 2604 1484 2636 habeat
1515 2604 1626 2637 ΕΘΙΙ.
1658 2602 1672 2646 Η
1706 2614 1766 2635 ex-

260 2666 441 2706 cogitatas
474 2665 543 2695 ed.:
582 2664 685 2694 —tus
722 2662 833 2694 ΕΘΗ.
874 2661 887 2704 Η
925 2663 1047 2695 sideru
1079 2662 1107 2694 δι
1145 2662 1196 2702 (et
1226 2661 1302 2702 ΕΘ)
1337 2670 1488 2692 occasus
1522 2659 1620 2691 ΕΘΗ
1652 2659 1765 2701 (ortus

258 2723 367 2762 suppl.
396 2720 523 2760 Maesta,
549 2723 629 2760 apto
655 2720 725 2750 loco
752 2718 886 2759 Κανᾶ).
918 2717 932 2759 Η
964 2721 1005 2751 23
1031 2720 1356 2759 tempestatumque
1385 2716 1494 2747 ΕΘΗ.
1532 2713 1547 2757 Η
1586 2715 1766 2757 significa-

259 2780 317 2807 tus
343 2777 381 2807 H
404 2774 514 2817 (Lle>:
541 2777 640 2806 —tos
666 2773 739 2805 ΕΘ.
773 2771 787 2815 Η
818 2775 860 2804 24
887 2775 1086 2806 Euctemon
1111 2775 1220 2806 Rode:
1249 2772 1445 2804 euchemon
1471 2772 1506 2801 H
1531 2770 1633 2812 (ΜΡ),
1661 2782 1767 2803 euze-

263 2842 343 2863 mon
369 2832 443 2864 EG.
474 2829 489 2874 Η
523 2830 711 2872 Callippus
736 2830 845 2861 Rode:
873 2829 1038 2862 callistus
1064 2830 1176 2862 ΕΘΗ.
1197 2826 1212 2871 Η
1236 2829 1333 2860 Meto
1354 2829 1462 2861 Rode:
1490 2827 1596 2860 mello
1615 2828 1727 2862 ΕΘΗ,
1750 2826 1764 2867 Ἰ

263 2887 442 2928 hyparcus
467 2888 514 2926 H,
540 2887 746 2929 hypparcus
771 2885 845 2920 EG.
