1909 3322
209 220 262 261 96
866 223 1076 253 vrrssuvn

209 331 440 388 inpedierit
478 328 699 382 liberaque
737 324 868 366 fuerit
905 330 1115 381 potestas,
1156 323 1277 364 aedis
1318 323 1576 378 signumque
1614 321 1729 377 quod

209 401 289 439 crit
328 400 369 439 in
409 394 515 436 cella
553 393 819 435 conlocatum
852 399 1015 449 spectet
1044 392 1099 432 ad
1129 392 1421 447 vespertinam
1453 389 1560 430 caeli
1589 391 1727 444 regio-

208 481 324 518 nem,
364 465 425 504 uti
468 464 541 519 qui
570 462 757 503 adierint
787 460 842 501 ad
872 475 989 501 aram
1020 458 1289 501 immolantes
1320 463 1395 498 aut
1426 456 1637 498 sacrificia
1667 456 1728 497 fa-

208 535 368 574 cientes
409 536 604 586 spectent
642 529 697 570 ad
735 535 900 585 partem
939 527 1046 568 caeli
1085 527 1262 568 orientis
1302 523 1578 566 simulacrum
1616 523 1730 579 quod

163 608 182 637 ῠ
209 602 288 642 erit
319 601 363 641 in
392 597 520 651 aede,
560 604 602 638 et
632 598 693 638 ita
730 602 834 637 vota
871 596 1155 650 suscipientes
1188 598 1470 633 contueantur
1509 591 1657 632 eadem
1690 597 1732 631 et

207 669 415 709 orientem
438 664 601 706 caelum
630 665 810 720 ipsaque
841 662 1070 704 simulacra
1100 661 1331 701 videantur
1362 660 1602 701 exorientia
1632 673 1729 699 con-

208 736 320 777 tueri
367 732 659 790 supplicantes
706 738 746 772 et
786 730 1091 772 sacrificantes.
1167 729 1234 769 sin
1272 733 1415 768 autem
1456 726 1539 768 loci
1576 732 1730 766 natura

209 801 572 859 interpellaverit,
606 806 707 840 tunc
730 797 1047 840 convertendae
1070 802 1167 837 sunt
1199 810 1343 836 earum
1374 795 1597 849 regionum
1631 808 1729 835 con-

210 872 480 923 stitutionos,
519 869 582 908 uti
623 881 747 922 quam
781 866 966 922 plurima
997 879 1095 921 pars
1126 864 1340 905 moenium
1374 877 1395 903 e
1425 861 1598 917 templis
1631 861 1729 902 deo-

146 944 185 974 10
210 955 304 981 rum
343 937 647 993 conspiciatur.
715 934 819 974 item
857 934 892 974 si
932 931 1168 973 secundum
1206 930 1382 971 flumina
1425 929 1554 971 aedes
1587 943 1731 969 sacrae

211 1009 336 1060 fient,
368 1007 428 1047 ita
457 1005 520 1045 uti
553 1003 754 1057 Aegypto
785 1002 898 1042 circa
928 999 1097 1052 Nilum,
1118 998 1183 1039 ‘ad
1215 998 1403 1038 fluminis
1434 998 1550 1052 ripas
1581 995 1730 1036 viden-

211 1082 280 1117 tur
311 1079 505 1130 spectare
536 1071 708 1110 debere.
769 1067 969 1109 similiter
999 1068 1035 1107 si
1067 1068 1226 1107 circum
1258 1066 1352 1105 vias
1382 1064 1578 1121 publicas
1610 1069 1733 1104 erunt

212 1141 410 1184 aedificia
441 1139 640 1191 1100111111,
680 1137 741 1177 ita
773 1136 1089 1177 constituantur
1118 1134 1181 1174 uti
1213 1139 1534 1189 praetereuntes
1566 1131 1733 1187 possint

212 1210 426 1266 respicere
458 1213 499 1247 ct
530 1207 574 1246 in
605 1210 838 1260 conspectu
869 1201 1145 1243 salutationes
1176 1201 1331 1241 facere.

148 1282 195 1313 VI
328 1276 548 1317 Ostiorum
585 1279 728 1313 autem
761 1278 802 1312 et
839 1286 984 1312 eorum
1014 1274 1444 1324 antepagmentorum
1476 1266 1518 1307 in
1551 1265 1731 1306 aedibus

153 1352 189 1382 1ss
215 1346 294 1387 liae
332 1349 431 1384 sunt
469 1342 653 1382 rationes
691 1340 755 1380 uti
786 1340 970 1395 primum
1002 1337 1318 1378 constituantur
1348 1350 1429 1390 quo
1461 1347 1618 1388 genere
1648 1334 1735 1374 sint

215 1415 396 1454 futurae.
457 1423 614 1464 genera
643 1413 742 1448 sunt
770 1408 882 1447 enini
913 1406 1188 1462 thyromaton
1217 1403 1344 1457 haec,
1378 1402 1594 1454 doricum,
1627 1401 1733 1441 ioni-

216 1495 332 1532 cum,
364 1479 613 1531 atticurges.

328 1546 479 1587 Dorici
518 1544 794 1600 symmetriae
832 1541 1155 1597 conspiciuntur
1191 1538 1258 1579 his
1296 1537 1534 1578 rationibus
1572 1537 1635 1577 uti
1667 1550 1734 1577 co-

150 1626 192 1656 ‘20
218 1629 319 1657 rona
342 1627 509 1656 summa
519 1645 530 1665 7
563 1626 671 1667 quae
702 1625 831 1666 supra
860 1613 1238 1664 antepagmentum
1270 1605 1467 1661 superius
1499 1604 1733 1659 inponitur,

216 1697 351 1739 acque
379 1681 536 1721 librata
573 1681 629 1720 sit
660 1677 859 1733 capitulis
893 1676 1068 1717 summis
1101 1673 1392 1715 columnarum
1425 1686 1533 1728 quae
1563 1673 1608 1712 in
1638 1686 1733 1727 pro-

216 1766 297 1792 nao
328 1749 501 1790 fuerint.
563 1746 708 1787 lumen
737 1752 877 1786 autem
908 1743 1094 1800 thyretri
1125 1741 1411 1783 constituatur
1442 1741 1503 1780 sic
1534 1740 1595 1779 uti
1628 1753 1735 1794 quae

217 1817 401 1859 altitudo
432 1815 552 1856 aedis
584 1829 607 1854 a
638 1814 887 1870 pavimento
918 1811 973 1852 ad
1004 1811 1221 1851 lacunaria
1251 1808 1404 1861 fuerit,
1438 1806 1661 1848 dividatur
1690 1806 1733 1846 in

219 1892 360 1941 partes
383 1891 468 1925 tres
501 1883 629 1923 semis
663 1888 704 1922 et
736 1895 789 1921 ex
821 1881 880 1920 eis
914 1880 1022 1920 duae
1053 1878 1181 1918 semis
1213 1876 1364 1917 lumini
1395 1874 1618 1915 valvarum
1639 1872 1734 1914 alti-

312 2023 328 2053 1
364 2020 464 2053 aedis
506 2019 574 2050 GH
603 2018 663 2058 (le7
706 2017 814 2049 aedes
848 2016 905 2057 L).
939 2013 953 2059 Η
984 2017 1004 2046 2
1041 2014 1178 2046 inc-ella
1215 2013 1263 2046 L:
1308 2012 1464 2044 incellae
1505 2010 1653 2053 (incelle
1694 2010 1734 2045 G)

224 2080 300 2112 (ill.
334 2076 349 2120 Η
380 2080 398 2109 3
423 2077 477 2108 uti
504 2076 581 2117 qui:
607 2076 656 2106 sie
683 2074 758 2107 GH.
792 2071 805 2114 Η
838 2072 1070 2104 immolantes
1098 2071 1124 2100 [ι’
1150 2067 1283 2112 (chlz):
1311 2068 1530 2100 immolantis
1555 2067 1595 2098 H
1618 2066 1688 2108 (le).
1718 2065 1731 2108 Η

224 2139 242 2167 5
276 2135 401 2166 eadem
434 2133 469 2173 (i.
503 2143 532 2163 e.
565 2129 643 2172 mm)
676 2131 715 2160 Il
751 2129 861 2169 (Lle):
900 2128 987 2160 aed(=
1026 2128 1063 2159 G.
1104 2124 1118 2168 Η
1151 2128 1168 2157 7
1205 2130 1283 2167 post
1314 2124 1567 2156 sacrificantes
1599 2124 1737 2154 additur

221 2196 255 2225 in
281 2192 378 2223 codd.
411 2187 447 2230 (i.
474 2200 501 2221 e.
527 2190 560 2219 in
585 2187 769 2227 archetypo
798 2185 882 2225 (ill)
909 2184 1002 2224 quod
1035 2192 1117 2214 aras
1148 2192 1272 2213 omnes
1298 2182 1444 2213 deorum
1474 2189 1627 2210 necesse
1655 2190 1734 2210 esse

223 2248 418 2281 videantur
459 2244 502 2275 ad
549 2244 724 2275 orientem
766 2244 935 2282 spectare
978 2240 1103 2281 (quare
1136 2262 1173 2269 ..
1193 2262 1200 2270 .
1233 2237 1457 2269 videtur
1486 2234 1609 2275 Maru).
1652 2246 1736 2276 qnae

223 2305 325 2339 verbu
359 2307 472 2343 alpole
498 2311 543 2331 ea*
567 2299 702 2330 rubrica
727 2298 759 2328 in
782 2298 887 2337 ipsum
913 2301 1038 2327 temtum
1060 2296 1267 2335 interpolata
1292 2304 1351 2336 eqo
1377 2294 1469 2325 eieci.
1498 2290 1512 2334 Η
1545 2293 1564 2323 9
1590 2292 1735 2323 deorum

224 2362 294 2396 ed:
324 2368 445 2390 eorum
473 2356 548 2387 (HJ.
583 2353 597 2397 Η
631 2356 670 2385 10
697 2353 806 2384 aedes
832 2362 960 2383 sacrae
988 2351 1075 2382 fient
1099 2351 1192 2384 locu:
1229 2350 1304 2381 edis
1336 2359 1442 2380 sacra
1474 2349 1533 2379 fict
1564 2352 1642 2379 ante
1666 2358 1735 2378 ras:

227 2418 253 2447 [ι’
280 2416 356 2457 (fiet
383 2413 454 2455 GC),
481 2411 584 2444 aedis
611 2409 734 2450 (aedes
760 2407 839 2450 LW)
868 2418 974 2439 sacra
1000 2407 1062 2438 fiet
1089 2407 1129 2438 H
1148 2405 1254 2447 (lde).
1288 2403 1302 2447 Η
1340 2406 1378 2435 1-2
1406 2404 1504 2436 circa
1536 2409 1614 2435 ante
1644 2414 1734 2435 corr.

226 2471 356 2511 (οη-οῦ)
385 2472 424 2504 G.
456 2467 470 2511 Η
503 2469 543 2499 15
569 2470 653 2497 ante
671 2468 942 2507 pacmentorum
971 2464 1007 2495 G.
1035 2460 1051 2505 Η
1080 2463 1120 2494 16
1140 2462 1422 2493 constituantur:
1447 2462 1496 2491 sic
1515 2460 1591 2492 GJI.
1619 2457 1633 2501 Η
1667 2469 1735 2500 quo

229 2532 255 2559 (ι’
280 2527 358 2570 (L):
387 2525 480 2568 quod
504 2524 543 2554 II
566 2521 638 2563 (Ie).
669 2519 683 2562 Η
718 2523 756 2552 17
782 2521 1002 2551 thiromaton
1022 2519 1058 2552 G.
1085 2516 1338 2558 thyromathon
1363 2517 1401 2546 Il
1426 2515 1530 2557 (Llc).
1561 2513 1574 2557 Η
1607 2516 1648 2547 18
1673 2516 1735 2546 At-

227 2585 386 2625 ticm-ges
411 2582 505 2613 Joc.:
533 2578 736 2619 attigui·ges
763 2577 831 2608 GH
855 2576 922 2616 (Ll.
951 2576 1161 2616 adtigurges
1186 2573 1251 2613 elz).
1284 2570 1298 2615 Η
1340 2574 1379 2603 19
1404 2572 1530 2603 Dorici
1555 2581 1615 2611 091)
1648 2570 1735 2609 (Do-

227 2642 380 2671 ricorum
408 2636 532 2676 Mm‘.):
560 2635 681 2665 horum
711 2633 786 2664 GH.
818 2630 833 2674 Η
864 2634 906 2663 20
931 2631 1117 2672 inponitur
1143 2629 1187 2661 G:
1221 2626 1406 2669 inpon&ur
1430 2628 1470 2658 H
1493 2627 1562 2665 (elz,
1588 2627 1735 2666 inpone-

228 2701 283 2727 tur
313 2696 377 2735 LI).
412 2692 427 2735 Η
465 2694 505 2724 21
533 2683 643 2733 prorsp
672 2690 726 2722 GC.
761 2686 776 2731 Η
812 2690 852 2719 22
887 2686 980 2727 (auf)
1012 2685 1166 2726 thyretri
1197 2694 1257 2725 <³90
1292 2682 1517 2724 (hyperthyri
1549 2683 1600 2715 ed.
1638 2682 1736 2719 Ven„

229 2750 425 2793 hypothyri
450 2749 537 2788 -Joc.‚
563 2744 843 2788 hyperthyridos
870 2744 904 2776 C.
932 2741 1108 2774 Battielzer
1139 2740 1300 2772 Tektom'lc
1327 2740 1394 2775 JV,
1413 2740 1458 2768 93
1483 2742 1516 2768 et
1535 2736 1733 2769 Unterszzelz.

1755 734 1775 764 10

230 2808 294 2847 mas
313 2808 375 2837 fler
400 2805 585 2845 Akropolis
600 2814 636 2844 p.
664 2800 760 2838 155):
787 2799 929 2841 hypctri
957 2796 1147 2840 (1'‚11yp&r1
1170 2797 1207 2827 ll
1225 2794 1327 2835 (Lle).
1360 2792 1375 2836 Η
1402 2794 1444 2824 24
1462 2796 1535 2823 tres
1559 2793 1667 2824 semis
1686 2793 1733 2832 H,
1765 2806 1771 2811 —·

230 2862 294 2895 111.
322 2862 430 2892 semis
457 2861 495 2893 G.
530 2857 545 2902 Η
575 2859 665 2890 duae
692 2857 800 2888 semis
827 2854 932 2896 (duae
952 2858 1076 2896 partes
1093 2852 1199 2884 semis
1224 2851 1318 2882 Rode
1337 2860 1406 2880 cum
1424 2847 1617 2888 Newtono):
1643 2847 1734 2878 duae

233 2916 315 2960 (duc¹
343 2919 382 2955 (i)
409 2919 530 2957 partes
558 2915 633 2947 GH.
664 2910 679 2957 Η
710 2911 838 2943 lumini
862 2911 954 2944 docnt
982 2910 1116 2941 lumine
1145 2907 1211 2939 GH
1235 2905 1289 2947 (le.
1315 2904 1495 2936 lumineae
1521 2903 1576 2945 L).
