1909 3322
226 225 282 266 54
886 232 1095 262 VITRUVII

227 337 434 392 disseptio
466 335 581 389 cogit
591 367 602 387 7
642 335 703 374 sic
735 335 816 375 erit
842 333 1107 375 faciundum.
1167 334 1304 376 solum
1343 334 1618 376 substruatur
1647 335 1748 388 alte,

226 411 273 445 ut
304 405 389 445 sint
419 402 570 443 intacti
601 401 656 442 ab
687 402 843 442 rudere
882 408 924 444 et
954 403 1220 459 pavimento.
1280 401 1424 444 obruti
1463 402 1576 442 enim
1606 403 1652 443 in
1682 403 1748 443 his

228 487 322 512 cum
354 476 473 523 sunt,
513 475 729 511 vetustate
767 469 950 511 marcidi
980 470 1108 523 fiunt,
1149 469 1307 510 deinde
1346 468 1622 511 subsidentes
1653 485 1748 527 pro—

227 539 441 579 clinantur
472 543 513 578 et
544 536 820 594 disrumpunt
850 538 1038 594 speciem
1069 537 1360 579 tectoriorum.

183 615 203 644 5
340 606 408 646 De
432 604 669 661 parietibus
699 612 741 647 et
771 606 1050 663 apparatione
1080 605 1322 660 generatim
1352 606 1557 646 materiae
1589 620 1750 658 eorum,

227 673 382 729 quibus
405 674 492 714 sint
513 672 748 714 virtutibus
771 680 812 714 et
833 673 975 726 vitiis,
1009 672 1370 729 quemadmodum
1401 673 1523 729 potui
1555 674 1751 729 exposui.

226 740 279 781 de
311 739 706 796 contignationibus
745 747 889 782 autem
931 747 972 782 et
1010 742 1145 797 copiis
1172 753 1345 794 earum,
1387 741 1543 797 quibus
1582 756 1750 798 eompa-

227 814 376 850 rentur
396 814 443 850 ut
473 808 529 849 ad
560 814 822 849 vetustatem
852 823 938 849 non
969 809 1056 850 sint
1087 808 1295 861 infirmae,
1327 809 1392 850 uti
1423 815 1578 850 natura
1608 824 1752 850 rerum

228 864 439 918 monstrat
471 875 711 932 explicabo.

159 950 209 981 IX
339 944 543 985 Materies
585 943 804 984 caedenda
842 950 905 985 est
944 959 969 985 a
1007 945 1145 1000 primo
1183 950 1389 986 autumno
1419 944 1476 985 ad
1506 944 1551 985 id
1581 952 1752 1002 tempus

162 1019 199 1048 11
228 1011 342 1067 quod
378 1013 459 1053 erit
493 1018 723 1067 antequam
766 1011 868 1052 flare
912 1012 1091 1068 incipiat
1129 1011 1344 1053 favonius.
1385 1027 1488 1053 vere
1520 1015 1633 1054 enim
1665 1029 1750 1055 om-

227 1094 302 1120 nes
347 1079 521 1120 arbores
566 1078 674 1121 fiunt
710 1085 994 1134 praegnantes
1045 1086 1086 1121 et
1127 1094 1275 1121 omnes
1323 1095 1424 1121 suae
1470 1082 1751 1137 proprietatis

228 1147 434 1188 virtutem
495 1146 673 1187 efferunt
738 1148 782 1187 in
842 1147 1041 1188 frondem
1103 1149 1510 1204 anniversariosque
1569 1149 1751 1191 fructus.

228 1228 322 1255 cum
364 1229 465 1270 ergo
510 1214 659 1255 inanes
702 1220 743 1255 et
792 1215 983 1256 tumidae
1020 1221 1262 1271 temporum
1300 1218 1558 1258 necessitate
1607 1232 1753 1258 eorum

162 1289 201 1319 15
227 1282 407 1335 fuerint,
447 1296 584 1322 vanae
620 1281 729 1323 fiunt
767 1289 807 1323 et
838 1283 1091 1324 raritatibus
1123 1282 1373 1336 inbecillae,
1405 1284 1471 1325 uti
1502 1285 1631 1325 etiam
1663 1299 1752 1325 cor-

228 1364 332 1405 pora
369 1349 598 1391 muliebria
628 1364 724 1392 cum
755 1352 1052 1407 conceperint,
1093 1350 1147 1392 ad
1179 1351 1292 1392 fetus
1323 1358 1494 1407 partum
1524 1364 1610 1393 non
1641 1352 1752 1394 iudi-

230 1422 380 1458 cantur
408 1417 596 1471 integra,
629 1431 769 1472 neque
800 1419 845 1458 in
875 1418 1103 1459 venalibus
1136 1434 1184 1460 ea
1215 1434 1310 1459 cum
1342 1426 1441 1461 sunt
1470 1422 1754 1476 praegnantia

230 1490 501 1540 praestantur
523 1499 639 1537 sana,
672 1484 768 1526 ideo
792 1486 905 1541 quod
928 1487 971 1526 in
993 1501 1170 1542 corpore
1191 1488 1522 1542 praeseminatio
1555 1502 1751 1530 crescens

230 1565 284 1591 ex
329 1550 525 1592 omnibus
558 1551 645 1591 cibi
676 1553 965 1608 potestatibus
998 1552 1185 1594 detrahit
1215 1552 1468 1595 alimentum
1512 1557 1558 1596 in
1597 1570 1665 1608 se,
1712 1562 1753 1597 et

162 1627 204 1655 2⁰
230 1633 311 1674 quo
350 1618 513 1660 firmior
551 1619 739 1661 efficitur
775 1620 831 1660 ad
869 1622 1161 1662 maturitatem
1200 1628 1371 1677 partus,
1412 1637 1460 1664 eo
1501 1624 1645 1664 minus
1678 1639 1752 1680 pa-

226 1686 332 1726 titur
354 1700 447 1727 esse
471 1686 657 1728 solidum
679 1687 725 1727 id
757 1702 811 1728 ex
842 1703 925 1743 quo
956 1689 1099 1745 ipsum
1130 1696 1394 1745 procreatur.
1455 1692 1600 1746 itaque
1635 1691 1751 1733 edito

229 1752 320 1793 fetu
343 1753 455 1809 quod
478 1755 596 1809 prius
619 1756 665 1795 in
694 1754 814 1795 aliud
845 1770 981 1810 genus
1013 1757 1267 1798 incrementi
1300 1757 1622 1812 detrahebatur,
1656 1774 1752 1800 cum

228 1820 282 1861 ab
314 1820 610 1877 disparatione
640 1823 951 1879 procreationis
984 1831 1047 1865 est
1078 1823 1330 1879 liberatum,
1371 1825 1574 1868 inanibus
1607 1819 1649 1868 et
1679 1842 1751 1882 pa-

229 1888 420 1930 tentibus
459 1891 582 1930 venis
614 1891 660 1931 in
690 1905 734 1931 se
764 1892 942 1947 recipit,
977 1898 1018 1933 et
1048 1891 1278 1933 lambendo
1311 1908 1459 1934 sucum
1491 1895 1620 1935 etiam
1652 1894 1750 1936 soli-

163 1963 206 1992 25
233 1955 370 1996 descit
409 1962 449 1996 et
487 1956 601 1998 redit
640 1959 683 1997 in
714 1959 943 2013 pristinam
973 1965 1151 2000 naturae
1182 1960 1443 2001 firmitatem.
1505 1961 1654 2001 eadem
1685 1977 1750 2002 ra-

228 2023 343 2062 tione
387 2023 624 2064 autumnali
669 2030 862 2080 tempore
913 2027 1161 2068 maturitate
1206 2027 1422 2069 fructuum
1466 2028 1751 2071 flaccescente

321 2171 336 2200 1
364 2169 541 2212 disseptio
560 2172 597 2202 H
611 2169 719 2213 (Lle):
740 2173 903 2214 deseptio
924 2175 961 2206 G.
986 2172 1000 2216 Η
1024 2175 1233 2207 faciundum
1250 2176 1288 2207 Il
1302 2175 1381 2216 (L):
1400 2176 1608 2209 faciendum
1625 2179 1653 2210 G
1670 2177 1719 2220 (l).
1734 2177 1748 2219 ³34³

232 2224 305 2256 alte
331 2227 383 2257 ed.
411 2227 461 2260 Fl.
490 2226 605 2267 (ree.):
639 2228 736 2260 aliae
761 2229 809 2269 Il,
845 2229 915 2272 alie
944 2231 971 2262 G
997 2231 1100 2271 (Llc).
1134 2229 1148 2273 Η
1181 2233 1200 2262 ’2
1228 2232 1301 2263 sint
1332 2233 1466 2264 intacti
1497 2234 1590 2266 Joc.:
1623 2235 1671 2266 sit
1696 2235 1749 2265 in-

231 2284 366 2312 tactum
395 2282 469 2314 GH.
500 2281 514 2325 ΙΙ
547 2284 667 2315 obruti
690 2284 781 2318 Joc.:
809 2288 893 2316 —ta
921 2287 996 2317 GH.
1031 2285 1045 2329 Η
1073 2289 1092 2319 3
1120 2290 1203 2318 sunt
1231 2288 1296 2319 GH
1323 2287 1384 2328 (L,
1412 2290 1486 2321 sint
1511 2288 1566 2332 lc).
1606 2288 1620 2332 ῙΙ
1658 2301 1749 2323 mar-

231 2336 302 2367 cidi
318 2337 412 2370 Joc.:
439 2338 531 2370 -da
552 2340 627 2371 GH.
660 2338 674 2382 Η
707 2341 936 2373 subsidentes
961 2343 1054 2376 vJoe.:
1081 2343 1286 2375 ·-sidentia
1314 2345 1389 2376 GH.
1423 2342 1437 2386 Η
1470 2346 1489 2376 5
1509 2347 1749 2387 apparatione

230 2394 299 2425 ed:
335 2393 565 2434 apparitione
601 2396 677 2427 GH.
711 2393 725 2438 {I
758 2399 775 2428 7
804 2408 924 2430 eorum
950 2403 1028 2430 ante
1053 2409 1143 2431 corr.
1175 2400 1210 2431 G.
1243 2396 1258 2441 ΙΙ
1292 2404 1536 2441 conparentur
1569 2402 1609 2432 Ji
1638 2403 1749 2443 (Llc):

230 2452 401 2480 —rantur
428 2450 464 2482 G.
498 2448 512 2492 {l
550 2452 570 2483 8
595 2454 633 2482 ut
658 2452 769 2483 Rode:
804 2452 836 2484 δι
863 2454 913 2493 (et
940 2455 980 2495 G)
1010 2454 1087 2489 GH.
1121 2452 1135 2496 ΙῙ
1168 2455 1242 2486 sint
1268 2456 1305 2485 ll
1332 2453 1441 2495 (Llc):
1476 2460 1559 2489 sunt
1588 2458 1624 2490 G.
1660 2456 1674 2501 Η
1709 2461 1748 2491 12

229 2509 453 2547 praegnates
478 2511 555 2538 ante
580 2517 670 2538 corr.
700 2508 746 2539 H.
777 2506 792 2550 ΙΙ
827 2511 866 2540 14
893 2513 928 2541 et
960 2510 1121 2542 tumidae
1149 2510 1309 2552 (‚.yonlj·‘
1339 2510 1448 2554 Gal.):
1478 2516 1515 2545 et
1540 2515 1681 2546 umidae
1708 2517 1746 2556 G,

233 2582 261 2614 Sc
285 2560 404 2626 iimide
436 2585 473 2615 H
507 2585 698 2625 (humidae,
727 2587 827 2628 —de‚
857 2589 943 2631 —d‘c'
968 2588 1056 2629 Llc).
1091 2586 1107 2631 ll
1138 2590 1359 2621 necessitate
1387 2592 1462 2624 doc.
1496 2589 1615 2635 (rec.):
1648 2596 1748 2626 —tes

233 2640 309 2671 GH.
338 2638 353 2682 Η
382 2641 422 2671 16
448 2641 494 2672 ad
520 2641 616 2673 fetus
641 2645 783 2684 partum
809 2644 920 2677 Mau:
948 2645 993 2676 ad
1020 2645 1117 2687 fae(e
1144 2645 1180 2681 G,
1208 2656 1249 2676 oe
1279 2646 1502 2688 GchLmus
1529 2652 1657 2690 apartu
1683 2650 1749 2681 GH

233 2694 300 2735 (Ll,
329 2696 472 2739 adfetus
498 2700 586 2738 aptu
611 2709 629 2730 e
660 2703 691 2730 et
723 2704 799 2730 ante
830 2711 919 2732 corr.
947 2699 993 2741 le).
1026 2698 1040 2743 Η
1074 2701 1113 2732 18
1139 2710 1229 2732 sona
1254 2707 1332 2733 ante
1358 2713 1447 2734 corr.
1469 2704 1506 2735 G.
1536 2703 1550 2746 Η
1579 2706 1620 2735 ‘22
1646 2705 1748 2737 foetu

234 2752 276 2787 G.
304 2752 405 2784 faetu
437 2754 475 2784 H
500 2753 616 2794 (foetu
648 2755 773 2795 llo-LI).
805 2754 819 2797 Η
854 2757 947 2797 quod
979 2757 1095 2798 prius:
1133 2767 1278 2798 (ppujus
1310 2762 1388 2789 ante
1420 2758 1513 2800 (ips.)
1539 2771 1628 2792 corr.
1663 2762 1699 2792 G.
1731 2762 1743 2787 l?

232 2808 273 2837 ‘23
300 2808 344 2838 ab
366 2809 616 2851 disparatione
635 2811 752 2843 Pena:
781 2811 825 2842 ad
851 2812 1095 2853 disperatione
1114 2814 1149 2843 H
1166 2812 1200 2852 (l,
1221 2813 1523 2855 addesperatione
1547 2817 1574 2847 G
1595 2813 1707 2857 (Lele).

231 2862 272 2892 24
299 2864 428 2905 recipit
458 2869 491 2897 et
522 2868 592 2899 ed.:
631 2866 784 2907 recipiet
817 2868 860 2907 G⁷
894 2868 1074 2909 recipient
1107 2869 1141 2899 H
1174 2870 1227 2908 (Ie,
1255 2870 1436 2911 recipiunt
1466 2871 1523 2911 L).
1561 2869 1576 2914 U
1617 2873 1744 2904 etiam:

230 2918 279 2947 sic
306 2919 382 2952 (ill.

1777 1971 1796 2000 N.)
