1909 3322
204 603 224 634 Οἱ

184 940 225 970 10

183 1276 223 1307 15

180 1613 223 1644 20

250 211 334 253 274
901 217 1108 248 VITRUVII

251 339 363 364 mam
382 324 494 364 imae
514 321 649 377 partis
673 321 881 376 quintam,
902 320 1135 361 arrectaria
1155 320 1200 360 in
1219 319 1350 360 turris
1371 319 1456 359 imo
1479 317 1765 372 dodrantalia,

250 392 295 431 in
325 403 489 430 summo
521 388 815 444 semipedalia.
874 388 969 429 fieri
999 394 1141 428 autem
1172 388 1232 428 ait
1262 392 1460 442 oportere
1491 400 1583 426 eam
1613 387 1766 426 turrim

249 456 539 498 tabulatorum
570 456 732 510 decem,
765 455 947 511 singulis
977 455 1174 512 partibus
1205 455 1250 494 in
1282 468 1332 494 ea
1361 453 1622 494 fenestratis.
1679 467 1765 493 ma-

249 525 384 565 iorem
405 538 506 565 vero
527 524 680 565 turrim
700 523 832 564 altam
853 523 1097 564 cubitorum
1107 533 1214 572 CXX,
1230 520 1359 571 latam
1381 520 1766 573 cubitorumXXIII,

249 597 566 633 contracturam
596 591 699 632 item
739 592 888 647 quinta
926 596 1047 646 parte
1057 621 1068 642 7
1106 589 1338 629 arrectaria
1375 587 1546 644 pedalia
1583 588 1629 628 in
1665 588 1766 640 imo,

249 661 294 700 in
326 673 491 700 summo
531 658 825 715 semipedalia.
886 658 995 698 hanc
1033 655 1377 711 magnitudinem
1414 655 1545 696 turris
1580 655 1768 696 faciebat

248 725 540 768 tabulatorum
571 738 657 779 XX,
696 741 791 767 cum
830 725 1036 766 haberent
1074 723 1244 778 singula
1280 722 1475 764 tabulata
1505 723 1766 763 circumitio-

248 809 349 836 nem
380 793 622 834 cubitorum
652 799 843 846 ternum,
883 791 1057 847 tegebat
1093 798 1236 832 autem
1269 792 1396 833 coriis
1428 790 1594 844 crudis,
1633 796 1681 831 ut
1711 789 1766 831 ab

249 861 365 902 omni
409 861 537 917 plaga
581 867 722 902 essent
767 867 899 901 tutae.
959 859 1188 900 testudinis
1237 859 1465 900 arietariae
1504 859 1766 914 comparatio

250 929 400 970 eadem
444 929 610 969 ratione
659 927 975 984 perficiebatur.
1050 926 1258 968 habuerat
1301 933 1445 968 autem
1490 924 1765 967 intervallum

249 997 491 1038 cubitorum
522 1007 639 1049 XXX,
679 995 954 1036 altitudinem
991 1001 1160 1051 praeter
1197 994 1422 1048 fastigium
1453 1006 1560 1047 XIII,
1598 993 1766 1048 fastigii

248 1070 392 1104 autem
422 1062 605 1103 altitudo
635 1062 690 1104 ab
722 1069 856 1104 strato
887 1062 943 1103 ad
974 1077 1185 1103 summum
1216 1061 1362 1102 cubita
1382 1073 1462 1102 VII.
1515 1061 1662 1102 exibat
1692 1075 1764 1101 au—

249 1137 336 1172 tem
366 1132 411 1171 in
441 1129 576 1171 altum
607 1136 649 1170 et
679 1145 808 1186 supra
837 1130 1027 1170 medium
1057 1136 1220 1170 tectum
1256 1129 1479 1184 fastigium
1509 1143 1595 1169 non
1625 1129 1765 1169 minus

252 1197 397 1239 cubita
436 1198 535 1251 duo,
568 1204 610 1238 et
641 1213 770 1254 supra
808 1197 1099 1239 extollebatur
1134 1196 1342 1238 turricula
1372 1202 1573 1252 quattuor
1602 1196 1766 1237 tabula·

248 1272 409 1319 torum,
454 1267 499 1306 in
537 1279 621 1321 qua
660 1264 852 1307 tabulato
899 1280 1063 1306 summo
1103 1265 1403 1306 statuebantur
1440 1264 1685 1320 scorpiones
1724 1269 1765 1304 et

249 1333 505 1389 catapultae,
538 1333 817 1374 inferioribus
850 1333 1163 1388 congerebatur
1193 1347 1329 1389 aquae
1360 1347 1514 1387 magna
1534 1331 1765 1373 multitudo

247 1400 304 1441 ad
343 1399 684 1454 extinguendum
722 1401 757 1441 si
790 1416 872 1456 qua
910 1402 977 1441 vis
1015 1402 1129 1456 ignis
1168 1401 1472 1441 inmitteretur.
1532 1401 1763 1441 constitue-

247 1467 374 1508 batur
410 1474 554 1507 autem
592 1468 637 1508 in
674 1483 722 1508 ea
758 1469 961 1509 arietaria
999 1468 1217 1520 machina,
1265 1482 1372 1523 quae
1415 1482 1569 1522 graece
1607 1467 1765 1508 dicitur

248 1535 482 1588 κριοδοκη,
520 1535 565 1574 in
597 1550 679 1590 qua
717 1534 1020 1577 conlocabatur
1057 1542 1174 1576 torus
1213 1535 1429 1591 perfectus
1460 1537 1506 1576 in
1535 1542 1680 1587 torno,
1720 1535 1764 1574 in

248 1616 331 1657 quo
369 1603 545 1658 insuper
583 1604 842 1644 constitutus
880 1604 992 1644 aries
1030 1603 1280 1644 rudentium
1321 1603 1597 1644 ductionibus
1631 1609 1671 1643 et
1701 1617 1764 1643 re-

248 1669 524 1710 ductionibus
575 1670 791 1712 efficiebat
843 1686 1020 1726 magnos
1072 1672 1214 1727 operis
1267 1671 1454 1712 effectus.
1537 1670 1766 1725 tegebatur

339 1876 356 1906 1
383 1875 508 1916 quinta
527 1875 591 1907 GH
610 1867 665 1916 (τὸ
683 1871 855 1916 πέμπτον
872 1871 983 1918 μέρος
1002 1875 1111 1916 Am).
1135 1873 1150 1918 Η
1172 1878 1318 1908 Inturrls
1338 1886 1446 1908 1n1mo
1467 1877 1502 1907 H
1519 1875 1610 1917 (Llc)
1629 1880 1663 1907 et
1687 1880 1764 1907 ante

249 1942 338 1963 corr.
367 1932 394 1962 G
419 1930 543 1974 (inuno
564 1929 634 1973 GC).
657 1929 671 1974 Η
695 1931 850 1963 dodrant
875 1932 950 1963 alia
970 1932 1007 1971 G,
1034 1932 1210 1964 dodrant.
1226 1932 1308 1963 Alia
1333 1933 1370 1963 H
1400 1931 1587 1972 (dodrante
1612 1932 1695 1963 Alia
1720 1933 1762 1971 L,

249 1987 425 2018 dodrante
442 2012 449 2019 .
464 1987 548 2018 Alia
572 1987 621 2022 eh,
648 1986 844 2018 dodrante.
862 1985 865 2029 Ι
885 1987 958 2018 alia
983 1985 1019 2029 Ι).
1044 1985 1059 2029 Η
1081 1990 1100 2019 3
1126 1988 1371 2019 tabulatorum
1387 1989 1441 2020 ecl.
1461 1989 1529 2020 Fa:
1556 1988 1764 2020 tabularum

251 2043 327 2073 GH.
360 2039 374 2083 Η
405 2043 426 2073 4
451 2042 548 2074 CXX
573 2042 610 2073 H
636 2040 793 2083 (G⁶Lle):
822 2042 953 2074 CXXX
981 2044 1008 2074 G
1032 2042 1110 2083 (sed
1131 2054 1236 2085 supra
1256 2045 1300 2075 Ge
1323 2045 1337 2075 ῖ
1363 2044 1402 2075 aT
1425 2042 1518 2085 XX).
1541 2041 1555 2085 Η
1583 2044 1707 2075 XXIII
1725 2046 1761 2081 1sz

251 2110 286 2140 H
312 2106 475 2149 (similiter
499 2120 568 2140 cum
594 2111 718 2141 circulo
743 2107 829 2149 Lle),
856 2110 946 2141 XIII
963 2108 1012 2128 ³³²³
1036 2109 1182 2151 (punctis
1199 2121 1305 2152 supra
1321 2112 1362 2142 ab
1379 2113 1453 2152 ipso
1468 2112 1607 2143 librario
1624 2087 1761 2153 supple·-

253 2164 309 2204 τῖε)
339 2164 365 2195 G
392 2164 466 2204 (sed
492 2165 537 2196 Ge
558 2176 663 2206 supra
688 2165 702 2195 ῖ
728 2164 766 2196 af
789 2165 938 2205 XXIII).
972 2163 986 2207 Η
1018 2167 1037 2197 5
1064 2169 1336 2198 contracturam
1367 2169 1436 2199 ech:
1471 2170 1600 2198 contra
1625 2168 1762 2199 fractu-

249 2230 326 2251 ram
353 2219 418 2250 GH
445 2218 497 2260 (lc,
523 2223 585 2252 sed
611 2222 686 2252 GcL
713 2221 923 2262 facturam).
957 2220 971 2263 Η
1003 2227 1107 2263 parte
1135 2225 1169 2258 :35-
1191 2224 1395 2255 arrectaria
1414 2223 1491 2255 GH.
1516 2221 1530 2265 Η
1552 2226 1571 2255 6
1597 2224 1762 2255 faciebat

250 2276 285 2305 H
303 2274 411 2316 (Lle):
436 2276 572 2308 —bant
591 2277 627 2310 G.
646 2274 661 2318 Η
678 2279 697 2308 9
716 2277 937 2308 ariaetariae
955 2278 982 2308 G
999 2277 1072 2318 (L),
1093 2277 1308 2310 aria&ariae
1325 2280 1362 2310 H
1382 2278 1507 2321 (arieoe
1522 2280 1640 2322 Dtarie
1657 2279 1722 2320 ele).
1744 2278 1757 2321 Η

250 2343 287 2372 11
316 2334 483 2374 cubItoffi
522 2343 583 2383 (sic
614 2344 626 2374 i
655 2354 761 2384 supra
792 2354 807 2374 r
832 2344 927 2384 add.)
967 2345 1004 2376 G.
1037 2343 1051 2387 Η
1087 2352 1166 2387 post
1200 2346 1303 2378 XXX
1340 2357 1385 2377 ea·
1416 2346 1495 2377 Atlz.
1528 2349 1762 2388 longitudinem

249 2397 314 2427 XL
338 2399 409 2431 cub.
433 2401 542 2440 suppl.
575 2399 714 2430 Marini.
747 2398 760 2441 Η
793 2400 880 2431 XIII
906 2401 1009 2438 (XIII
1036 2402 1058 2433 s
1081 2412 1147 2435 see.
1174 2402 1288 2443 Arm:
1320 2402 1404 2433 XVI
1436 2401 1535 2442 (XUI
1563 2402 1603 2443 G)
1639 2403 1713 2434 GH.
1743 2401 1757 2445 Η

250 2455 289 2484 12
316 2454 361 2484 ab
388 2457 503 2485 strato
529 2456 601 2486 εὼς
635 2455 821 2487 abstracto
853 2455 1077 2498 (ablstraeto
1103 2459 1159 2497 ll)
1188 2458 1262 2489 GH.
1288 2455 1302 2499 Η
1331 2458 1480 2489 exhibat
1502 2460 1541 2490 H
1565 2457 1672 2501 (Ll0):
1701 2469 1760 2489 ex—

250 2509 317 2540 ibit
344 2510 371 2541 G
397 2509 473 2547 (sed
498 2511 542 2541 Gc
567 2510 719 2547 exibat).
754 2509 767 2553 Η
802 2514 841 2543 13
869 2512 1006 2554 fastigi-1
1033 2514 1080 2544 H.
1117 2511 1131 2555 Η
1165 2515 1205 2544 14
1231 2514 1372 2545 cubita:
1406 2515 1529 2555 capita
1561 2519 1637 2546 ante
1669 2525 1758 2546 corr.

251 2565 287 2595 G.
317 2562 331 2606 Η
360 2565 536 2597 turricula
562 2566 728 2598 cubitorsl
755 2567 931 2605 (cubitum
957 2573 1035 2600 ante
1060 2579 1148 2600 corr.
1179 2569 1219 2609 G)
1239 2572 1409 2610 quattuor
1434 2571 1496 2609 (sic
1520 2571 1568 2611 H,
1595 2571 1688 2602 .1111.
1717 2570 1757 2611 G)

248 2620 494 2652 tabulatorum
529 2622 595 2653 GH
620 2622 835 2662 (cubitorum
861 2625 924 2655 (lez.
950 2624 1135 2656 Schneider
1159 2626 1233 2658 coll.
1260 2624 1410 2665 Athen).
1444 2623 1459 2667 Η
1493 2627 1533 2657 15
1564 2635 1636 2666 qua
1666 2627 1757 2659 ι[θαι

249 2686 317 2715 quo
346 2676 423 2707 GH.
462 2674 476 2718 Η
516 2679 556 2708 16
589 2678 802 2719 catapultae
835 2679 1087 2713 inferioribus:
1125 2682 1172 2711 sic
1205 2681 1281 2711 Gll.
1311 2678 1325 2723 Η
1359 2682 1651 2723 congerebantur
1680 2687 1757 2714 ante

248 2741 337 2762 corr.
360 2732 396 2763 G.
421 2730 436 2774 Η
459 2743 591 2774 magna
608 2734 702 2766 Joca:
728 2744 882 2775 magnae
903 2736 979 2768 GH.
1005 2733 1019 2777 Η
1044 2737 1083 2767 17
1109 2737 1139 2767 si
1158 2746 1228 2777 qua
1246 2738 1290 2767 lc:
1318 2736 1447 2779 silque
1467 2737 1503 2775 G,
1531 2737 1588 2778 fiq3
1609 2736 1671 2778 (sie
1687 2748 1757 2769 eum

251 2787 342 2827 spi-0
362 2787 392 2826 s)
419 2788 459 2817 H
474 2787 544 2830 (sifi
558 2805 564 2811 ·
579 2790 620 2825 L,
645 2791 708 2820 sed
723 2799 792 2830 8in
809 2796 885 2822 ante
902 2793 964 2832 ips.
984 2800 1054 2825 ras,
1072 2791 1128 2831 L).
1151 2790 1165 2834 Η
1190 2794 1230 2824 18
1257 2795 1376 2823 autem
1395 2794 1430 2823 H
1456 2792 1563 2833 (Lle):
1591 2804 1650 2827 om.
1672 2794 1708 2825 G.
1739 2792 1753 2837 Η

250 2842 548 2885 ineauari&alria
578 2845 630 2882 H,
662 2845 746 2877 inea
777 2847 878 2887 uarie
911 2848 1006 2878 taria
1034 2848 1060 2879 G
1086 2846 1298 2888 (uarietaria
1330 2848 1401 2889 GC).
1435 2846 1449 2891 Η
1481 2850 1541 2891 qui
1566 2854 1643 2881 ante
1667 2861 1756 2886 corr.

250 2895 348 2944 (que)
377 2899 422 2932 H.
455 2898 469 2943 Η
501 2901 540 2932 19
567 2901 744 2934 criodocis
772 2902 848 2934 GH.
880 2899 895 2947 Η
926 2904 968 2935 20
994 2903 1196 2937 rudentium
1220 2905 1313 2938 loa:
1339 2905 1566 2948 prudentium
1594 2907 1669 2943 GH.
