1909 3322
236 217 319 258 246
887 218 1094 249 vrrssuvn

349 328 501 382 Itaque
540 325 796 380 incipiemus
836 321 888 362 de
928 321 964 361 is
1004 333 1113 375 quae
1150 333 1245 359 raro
1285 316 1464 357 veniunt
1500 315 1555 356 ad
1596 328 1746 354 manus

184 406 215 436 ΙΙ
241 403 286 437 ut
316 401 415 435 nota
446 393 530 434 sint
562 390 792 448 explicare.
853 389 1123 444 primumque
1163 385 1438 426 instituemus
1477 382 1531 422 de
1571 383 1606 422 is
1645 395 1754 436 quae
1782 391 1794 420 1

239 461 419 503 aedibus
449 461 581 502 sacris
602 459 657 499 ad
688 470 949 514 operumque
980 453 1249 510 publicorum
1280 449 1588 507 perfectionem
1609 463 1752 489 neces-

241 531 366 570 sitate
407 532 727 584 comparantur,
768 538 877 580 quac
914 522 1021 563 fiunt
1059 521 1132 561 ita.
1202 519 1324 572 tigna
1361 517 1445 558 duo
1484 516 1541 558 ad
1580 530 1756 557 onerum

198 608 216 637 3
242 595 585 651 magnitudinem
613 594 779 634 ratione
811 589 1114 646 expediuntur.
1174 600 1198 626 a
1229 585 1370 640 capite
1402 599 1452 625 ea
1490 583 1625 624 fibula
1658 598 1754 623 con-

242 665 388 705 iuncta
420 669 461 704 et
498 663 542 703 in
580 661 664 701 imo
696 659 936 701 divaricata
975 656 1219 709 eriguntur,
1258 652 1435 693 funibus
1467 652 1511 692 in
1543 649 1757 706 capitibus

244 730 478 772 conlocatis
511 735 552 771 et
590 730 703 769 circa
734 725 958 782 dispositis
991 728 1133 763 erecta
1159 721 1423 762 retinentur.
1483 717 1686 773 alligatur
1716 718 1761 757 in

244 813 408 839 summo
446 796 627 851 troclea,
668 809 793 851 quem
825 793 954 833 etiam
984 787 1179 831 nonnulli
1216 787 1462 828 rechamum
1493 785 1656 826 dieunt.
1717 785 1761 824 in

245 865 449 907 trocleam
480 863 687 905 induntur
708 859 890 902 orbiculi
921 872 997 914 per
1025 854 1218 897 axiculos
1241 854 1507 895 versationes
1538 852 1760 893 habentes.

184 946 221 975 ιι)
246 948 322 990 per
359 931 598 974 orbiculum
636 929 832 970 traicitur
872 925 1091 967 ductarius
1137 923 1274 976 funis,
1323 920 1479 961 deinde
1520 919 1763 960 demittitur

248 1007 289 1042 et
325 1000 566 1042 traducitur
605 997 718 1037 circa
764 993 1003 1036 orbiculum
1051 989 1236 1032 trocleae
1282 989 1513 1030 inferioris.
1579 986 1764 1027 refertur

247 1074 390 1109 autem
421 1067 476 1107 ad
507 1063 748 1106 orbiculum
779 1063 911 1103 imum
944 1057 1129 1101 trocleae
1161 1056 1395 1112 superioris
1427 1060 1468 1096 et
1498 1055 1559 1095 ita
1591 1040 1764 1095 desccnss

249 1136 312 1175 dit
343 1134 398 1174 ad
429 1133 674 1174 inferiorem
707 1137 748 1172 ct
778 1131 823 1170 in
853 1128 1062 1170 foramine
1094 1127 1184 1167 eius
1216 1123 1436 1178 religatur.
1496 1121 1629 1163 altera
1667 1135 1764 1176 pars

250 1202 364 1243 funis
395 1200 579 1241 refertur
609 1201 720 1240 inter
750 1198 857 1238 imas
889 1194 1112 1236 machinae
1142 1198 1300 1248 partes
1361 1191 1406 1231 in
1428 1188 1601 1245 quadris
1623 1194 1766 1229 autem

186 1281 224 1310 15
250 1271 466 1324 tignorum
505 1265 838 1324 posterioribus,
887 1277 968 1319 quo
1007 1260 1089 1302 loci
1128 1265 1228 1300 sunt
1266 1257 1529 1310 divaricata,
1578 1256 1769 1310 figuntur

253 1335 469 1388 chelonia,
517 1336 562 1375 in
600 1347 708 1389 quae
747 1332 987 1373 coiciuntur
1027 1326 1272 1369 sucularum
1311 1326 1453 1381 capita
1489 1330 1536 1365 ut
1584 1321 1769 1363 faciliter

253 1418 357 1445 axes
380 1408 620 1444 versentur.
681 1414 755 1441 eae
777 1398 949 1440 suculae
979 1396 1176 1453 proxime
1199 1394 1340 1450 capita
1369 1392 1530 1434 habent
1560 1390 1770 1432 foramina

255 1472 357 1512 bina
398 1471 457 1511 ita
495 1474 731 1525 temperata
761 1472 808 1508 ut
849 1471 994 1506 vectes
1032 1464 1078 1504 in
1117 1477 1166 1502 ea
1203 1461 1434 1502 convenire
1476 1458 1654 1514 possint.
1715 1456 1771 1497 ad

256 1539 501 1579 rechamum
545 1543 688 1577 autem
733 1535 865 1574 imum
903 1531 1032 1572 ferrei
1077 1529 1245 1571 forfices
1284 1527 1541 1582 religantur,
1592 1540 1771 1581 quorum

189 1620 232 1648 20
258 1606 408 1646 dentes
446 1604 490 1645 in
533 1618 638 1644 saxa
688 1601 827 1643 forata
874 1596 1262 1640 accommodantur.
1336 1609 1432 1635 cum
1469 1599 1612 1634 autem
1657 1592 1771 1632 funis

258 1673 386 1714 habet
426 1677 553 1727 caput
592 1670 648 1711 ad
679 1667 870 1710 suculam
907 1665 1135 1720 religatum
1173 1670 1214 1704 et
1253 1668 1398 1703 vectes
1437 1660 1640 1701 ducentes
1681 1674 1773 1699 eam

260 1746 455 1792 versant,
487 1737 600 1779 funis
625 1752 670 1778 se
691 1734 954 1777 involvendo
977 1734 1135 1774 circum
1158 1729 1351 1771 suculam
1373 1728 1622 1770 extenditur
1643 1734 1684 1768 et
1714 1727 1774 1767 ita

195 1819 244 1849 111
264 1806 462 1848 sublevat
493 1820 621 1847 onera
641 1804 696 1844 ad
727 1802 999 1844 altitudinem
1023 1806 1063 1840 et
1091 1813 1267 1854 operum
1289 1796 1619 1838 conlocationcs.
1670 1794 1774 1834 haec
1800 1809 1819 1835 :5

261 1880 403 1914 autem
434 1874 542 1914 ratio
580 1870 909 1912 machinationis
950 1867 1064 1924 quod
1101 1881 1176 1923 per
1216 1872 1301 1906 tres
1340 1863 1553 1905 orbiculos
1596 1862 1772 1902 circum-

196 1955 237 1984 25
263 1940 467 1992 volvitur,
499 1941 726 1995 trispastos
756 1935 1010 1993 appellatur.
1071 1949 1167 1974 eum
1189 1947 1291 1974 vero
1322 1934 1367 1973 in
1397 1932 1484 1972 ima
1513 1929 1672 1971 troclea
1693 1928 1776 1969 duo

264 2006 467 2058 orbiculi,
500 2007 545 2046 in
567 2006 785 2061 superiore
807 2010 893 2045 tres
916 2007 1163 2053 versantur,
1197 2000 1241 2040 id
1273 2004 1581 2054 pentaspaston
1602 1996 1775 2036 dicitur.

1791 1200 1810 1227 ΚΣ

356 2124 375 2152 2
401 2121 474 2151 sint
499 2121 569 2153 ed.:
598 2122 681 2151 sunt
709 2119 785 2150 GH.
819 2115 834 2160 [l
866 2118 885 2149 5
905 2114 1151 2157 magnitudine
1170 2115 1212 2146 G:
1240 2124 1329 2145 ——ne
1356 2113 1392 2144 H
1411 2112 1465 2152 (L,
1493 2113 1579 2142 -υὸ
1603 2113 1624 2150 Ι,
1651 2120 1778 2141 --ΠΕΠΙ

268 2178 330 2216 νὴ).
363 2175 377 2218 l]
409 2187 429 2207 a
457 2176 577 2217 capite
611 2186 654 2206 ea
686 2173 797 2205 fibula
829 2184 905 2213 ego:
945 2171 1092 2212 aeapite
1108 2170 1243 2202 afibula
1277 2170 1353 2201 GH.
1392 2165 1407 2210 ll
1445 2169 1463 2199 7
1495 2166 1673 2208 disposita
1703 2170 1779 2197 ante

268 2244 358 2266 eor-r.
387 2232 426 2266 G.
459 2230 473 2273 Η
512 2231 686 2273 alligatur
805 2228 942 2261 troclea
967 2228 1057 2260 doen:
1086 2227 1286 2268 alligantur
1312 2251 1319 2259 .
1339 2250 1372 2256 ..
1400 2223 1560 2255 trocleae
1589 2223 1663 2254 GH.
1697 2219 1711 2264 ll
1744 2223 1780 2252 in

269 2288 596 2329 s1'11n03trocleaeq>
631 2287 673 2323 G,
708 2287 881 2317 insumnxo
914 2288 1026 2316 metro
1042 2285 1144 2316 eleae
1178 2293 1269 2323 quae
1303 2282 1337 2312 H
1369 2280 1429 2321 (Ic,
1460 2280 1522 2310 sed
1546 2280 1700 2310 icet-(ctum
1726 2289 1780 2309 mo

270 2346 381 2376 delent
405 2346 480 2382 lece,
506 2344 541 2374 in
567 2353 701 2374 summo
729 2341 889 2373 trocleae
906 2368 911 2374 ,
928 2351 993 2382 quq
1021 2340 1077 2381 L).
1101 2337 1115 2382 Η
1138 2341 1157 2372 8
1184 2348 1287 2379 quem
1312 2338 1383 2368 θῶς
1412 2345 1502 2377 quae
1529 2335 1581 2375 (Ψ
1604 2334 1645 2372 G)
1667 2335 1742 2367 GH.
1765 2332 1778 2371 Ι,

272 2401 477 2432 rechamum
506 2400 571 2431 GH
603 2397 664 2438 (L,
693 2398 892 2430 rethamum
919 2396 976 2438 Ic).
1007 2393 1023 2438 Η
1054 2397 1073 2427 9
1099 2395 1271 2427 induntur
1301 2393 1391 2425 doru:
1430 2391 1626 2422 induuntur
1660 2391 1735 2422 GH.
1765 2391 1779 2430 3}

272 2456 427 2487 orbiculi
458 2454 544 2496 (duo
576 2456 656 2486 add.
689 2453 781 2492 Joe.)
815 2464 878 2495 per
910 2452 1074 2484 axiculos
1110 2451 1186 2483 GH.
1225 2448 1239 2492 [l
1280 2451 1319 2481 10
1354 2460 1371 2489 p
1395 2447 1559 2479 orbiculu
1593 2444 1782 2487 (summum

272 2514 351 2543 add.
374 2510 462 2551 doe.)
489 2511 657 2542 traicitur
685 2510 760 2541 GH.
792 2507 806 2551 ΙΙ
839 2509 1041 2540 demittitur
1066 2507 1117 2537 H:
1151 2506 1344 2537 di111ittitur
1377 2505 1403 2536 G
1430 2503 1533 2544 (Lte).
1565 2500 1580 2544 (l
1620 2503 1656 2532 11
1691 2502 1783 2533 infe-

274 2569 386 2599 riores
417 2571 494 2598 ance
519 2578 609 2598 corr.
645 2566 681 2597 ll
713 2565 793 2606 (elz).
825 2563 839 2607 [1
874 2567 912 2596 13
944 2564 1117 2605 religatur
1149 2563 1219 2595 ed.:
1255 2563 1430 2602 —gantur
1462 2560 1537 2591 GH.
1571 2556 1585 2599 ΙΙ
1619 2559 1659 2589 14
1690 2558 1784 2588 inter

275 2626 365 2655 imas
398 2624 475 2656 Llc:
514 2623 658 2654 interim
684 2622 749 2653 has
783 2622 809 2653 G
840 2626 872 2652 el
902 2626 979 2652 {ante
1009 2630 1077 2651 ras.
1114 2619 1160 2651 H.
1191 2615 1205 2659 Η
1240 2618 1279 2648 15
1312 2627 1379 2658 quo
1413 2615 1482 2647 loci
1515 2616 1597 2645 sunt
1630 2613 1695 2644 GH
1727 2613 1782 2651 (L,

276 2681 335 2721 qui
362 2680 474 2711 locuti
499 2681 583 2711 sunt
607 2680 617 2710 l
641 2683 672 2710 ee
697 2682 773 2709 (mle
799 2688 888 2708 (forr.
907 2688 933 2713 e,
961 2677 1021 2718 qui
1046 2675 1157 2707 locati
1182 2676 1266 2705 sunt
1291 2670 1372 2713 ech).
1403 2668 1418 2712 ΙΙ
1448 2671 1487 2701 16
1514 2668 1682 2701 chelonia
1709 2670 1781 2700 ed.:

276 2736 423 2767 helonia
450 2736 525 2767 Gll.
555 2733 569 2777 [l
602 2734 820 2765 coiciuntur:
846 2734 894 2764 sic
923 2733 997 2767 GH,
1031 2730 1046 2773 Η
1080 2733 1117 2763 17
1145 2741 1210 2762 eae
1236 2728 1385 2759 suculae
1414 2726 1482 2757 GH
1504 2724 1565 2766 (L,
1593 2724 1738 2766 esuculq
1762 2726 1782 2758 Ι,

278 2791 473 2833 haesucule
500 2803 527 2828 c,
553 2790 597 2833 h‘}
623 2789 744 2831 sucule
768 2789 814 2828 h).
848 2786 860 2829 ΙΙ
897 2791 934 2820 19
962 2788 1122 2819 forfices:
1149 2787 1196 2817 sic
1222 2785 1298 2818 GH.
1331 2781 1345 2826 Η
1378 2785 1418 2814 ’22
1444 2782 1543 2814 funis
1568 2780 1784 2812 involvendo

281 2848 347 2879 Gll
370 2846 424 2887 (sc
449 2849 529 2879 add.
555 2845 656 2886 -loc.).
689 2843 703 2887 Η
735 2846 777 2876 ‘26
804 2848 929 2885 pentes
955 2847 1084 2886 paston
1112 2844 1150 2881 G,
1177 2844 1305 2883 pentas
1332 2842 1459 2881 pastori
1489 2838 1522 2868 ll
1554 2836 1665 2877 (Alce,
1701 2847 1783 2877 peu-

281 2908 337 2934 tas
364 2906 485 2944 pastor
509 2908 586 2934 ante
613 2913 701 2933 vor-r.
730 2903 765 2940 l).
