1899 3322
560 249 621 279 DE
652 250 1005 281 ARCHITECTURA
1037 252 1127 282 LIB.
1161 253 1208 282 11.
1585 243 1641 284 45

122 353 167 392 in
198 351 303 393 locis
334 352 474 405 tectis,
508 352 722 392 sustinent
752 351 957 405 laborem,
991 355 1027 393 si
1057 362 1200 394 autem
1231 356 1275 395 in
1304 356 1464 410 apertis
1497 361 1539 396 et
1569 370 1641 411 pa-

124 419 338 473 tentibus,
371 418 587 474 gelicidiis
620 426 661 460 et
690 419 844 474 pruina
876 426 1080 473 congesta
1110 420 1294 462 friantur
1325 428 1366 462 et
1397 420 1641 462 dissolvun—

120 492 203 527 tur.
245 487 348 527 item
371 486 606 527 secundum
637 500 755 527 oram
785 486 1046 526 maritimam
1076 486 1130 527 ab
1163 488 1379 542 salsugine
1410 503 1538 530 exesa
1560 489 1642 529 dif-

121 554 258 595 fluunt
279 568 419 610 neque
441 553 663 611 perferunt
693 559 852 594 aestus.
913 553 1144 594 Tiburtina
1175 570 1276 596 vero
1299 564 1340 596 et
1362 571 1470 612 quae
1493 556 1643 597 eodem

120 636 278 675 genere
322 628 421 662 sunt
454 622 610 663 omnia
641 621 850 662 sufferunt
888 628 929 662 et
966 621 1021 661 ab
1053 621 1255 663 oneribus
1288 630 1329 663 et
1359 638 1384 663 a
1414 631 1642 679 tempesta-

119 688 236 730 tibus
276 690 479 742 iniurias,
521 688 598 729 sed
636 689 690 730 ab
732 689 826 743 igni
855 703 940 730 non
971 696 1151 744 possunt
1183 703 1277 730 esse
1308 696 1400 731 tuta
1431 691 1644 747 simulque

121 763 220 797 sunt
257 756 313 797 ab
352 771 400 798 eo
438 763 553 796 tacta
585 755 806 798 dissiliunt
845 763 886 797 et
925 755 1214 812 dissipantur,
1256 757 1354 798 ideo
1393 758 1506 813 quod
1536 766 1642 799 tem-

119 830 319 878 peratura
362 823 549 864 naturali
596 839 730 880 parvo
776 830 875 865 sunt
920 839 1068 865 umore
1104 825 1294 880 itemque
1339 840 1426 865 non
1461 824 1643 866 multum

118 890 280 932 habent
317 892 478 933 terreni
516 891 593 932 sed
631 892 741 932 aeris
774 890 1008 947 plurimum
1040 898 1081 933 et
1112 893 1240 947 ignis.
1308 893 1444 947 igitur
1475 908 1570 933 cum
1603 901 1643 934 et

118 973 241 1000 umor
263 966 304 1000 et
325 966 544 1000 terrenum
574 960 620 1000 in
649 959 715 1000 his
747 960 889 1001 minus
921 961 1048 1012 inest,
1080 966 1172 1000 tum
1204 960 1333 1000 etiam
1364 961 1493 1015 ignis,
1525 968 1643 1001 tactu

119 1032 161 1067 et
198 1028 245 1068 vi
275 1028 448 1083 vaporis
481 1041 535 1068 ex
566 1028 602 1068 is
633 1041 731 1067 aere
761 1026 933 1082 fugato,
974 1028 1146 1084 penitus
1177 1029 1408 1084 insequens
1441 1034 1482 1068 et
1513 1028 1642 1068 inter-

119 1094 344 1136 veniorum
385 1096 624 1136 vacuitates
656 1109 869 1151 occupans
901 1095 1106 1136 fervescit
1138 1103 1179 1136 et
1210 1095 1345 1136 efficit
1378 1110 1427 1136 ea
1458 1097 1545 1137 suis
1577 1111 1642 1136 ar-

120 1161 267 1203 dentia
305 1162 555 1219 corporibus
595 1162 766 1204 similia.
836 1170 933 1204 sunt
967 1178 1068 1204 vero
1100 1164 1205 1204 item
1237 1163 1498 1219 lapidicinae
1530 1179 1641 1204 com-

118 1228 263 1285 plures
303 1230 348 1269 in
384 1230 542 1272 finibus
575 1231 978 1287 Tarquiniensium,
1019 1246 1127 1287 quae
1159 1232 1359 1272 dicuntur
1388 1232 1641 1284 Anicianae,

119 1296 258 1338 colore
282 1298 642 1353 quemadmodum
663 1297 881 1353 Albanae,
915 1314 1093 1355 quarum
1116 1299 1315 1340 officinae
1336 1301 1523 1340 maxime
1545 1306 1643 1339 sunt

119 1366 233 1405 circa
253 1364 393 1406 lacum
413 1365 758 1420 Volsiniensem,
791 1368 895 1408 item
916 1366 1188 1422 praefectura
1210 1366 1491 1408 Statoniensi.
1537 1366 1643 1407 haec

117 1439 260 1473 autem
290 1432 451 1474 habent
481 1433 670 1475 infinitas
703 1435 900 1476 virtutes.
960 1449 1098 1490 neque
1130 1435 1244 1474 enim
1274 1435 1310 1475 is
1341 1434 1643 1489 gelicidiorum

117 1506 351 1556 tempestas
383 1516 521 1557 neque
551 1502 664 1556 ignis
696 1508 835 1543 tactus
866 1508 1011 1559 potest
1041 1516 1214 1555 nocere,
1255 1502 1331 1543 sed
1363 1510 1462 1543 sunt
1493 1502 1641 1542 firmae

118 1574 159 1609 et
203 1568 258 1609 ad
301 1575 559 1610 vetustatem
605 1569 702 1611 ideo
746 1577 1046 1626 permanentes
1085 1570 1199 1626 quod
1238 1585 1389 1626 parum
1428 1570 1588 1610 habent
1620 1584 1641 1609 e

116 1643 296 1677 naturae
340 1637 550 1678 mixtione
594 1639 706 1679 aeris
753 1645 794 1679 et
831 1639 974 1694 ignis,
1020 1639 1182 1679 umoris
1221 1645 1365 1678 autem
1403 1644 1673 1693 temperate·

116 1704 434 1761 plurimumque
472 1706 646 1746 terreni.
714 1707 775 1746 ita
814 1707 964 1761 spissis
1003 1706 1398 1762 comparationibus
1429 1705 1640 1746 solidatae

116 1786 255 1828 neque
276 1773 331 1813 ab
352 1773 685 1828 tempestatibus
716 1788 854 1830 neque
884 1774 939 1814 ab
970 1774 1084 1828 ignis
1116 1773 1388 1814 vehementia
1418 1780 1638 1814 nocentur.

75 1868 77 1871 v
117 1839 162 1880 id
207 1848 351 1880 autem
395 1841 583 1881 maxime
628 1840 820 1881 iudicare
857 1841 958 1881 licet
1001 1855 1022 1881 e
1067 1842 1354 1882 monumentis
1394 1855 1501 1896 quae
1540 1847 1639 1881 sunt

119 1909 231 1948 circa
271 1909 554 1963 municipium
585 1908 762 1950 Ferenti
801 1924 855 1951 ex
886 1909 952 1950 his
985 1909 1101 1950 facta
1131 1908 1392 1964 lapidicinis.
1453 1923 1638 1964 namque

210 2106 224 2135 1
253 2105 436 2136 sustinent
466 2104 559 2135 ι[σακε
598 2105 807 2136 sustineant
835 2105 912 2138 GH.
944 2102 959 2147 Η
990 2106 1009 2136 2
1037 2107 1230 2146 congesta:
1256 2105 1305 2135 sio
1332 2104 1398 2135 Gll
1423 2101 1526 2144 (Lele,
1555 2114 1637 2135 con-

116 2160 212 2192 iesta
238 2159 276 2203 l).
310 2159 325 2203 Η
357 2162 514 2192 friantur
539 2165 616 2192 ante
648 2172 737 2193 corr.
771 2162 823 2191 H:
858 2162 1038 2192 fricantur
1066 2161 1150 2192 GHc
1183 2160 1285 2202 (Lle).
1314 2158 1329 2202 Η
1361 2162 1380 2191 3
1407 2170 1506 2192 oram
1531 2161 1637 2191 niari-

117 2218 244 2248 timam
271 2218 340 2258 (f):
368 2228 432 2249 ora
458 2218 640 2249 maritima
668 2218 733 2248 GH
760 2218 883 2258 (Llclz).
918 2215 933 2259 Η
970 2227 1080 2249 exesa
1105 2218 1159 2250 ed.
1184 2218 1236 2248 Fl.
1263 2215 1362 2257 (Vat,
1390 2220 1421 2248 2.
1449 2219 1478 2250 ὂ,
1506 2217 1556 2247 h‘t.
1585 2220 1635 2255 2):

119 2285 161 2304 ex
188 2284 231 2305 ea
259 2273 334 2305 GH.
365 2271 380 2316 Η
412 2275 431 2305 6
457 2273 633 2315 simulque
659 2277 699 2304 ut
726 2278 810 2304 sunt
836 2274 877 2307 L.
914 2273 929 2316 Η
964 2275 982 2305 7
1009 2278 1111 2305 tacta
1136 2274 1173 2304 H
1198 2273 1289 2312 <Lt):
1324 2276 1423 2303 tecta
1459 2274 1485 2303 G
1518 2272 1597 2313 (ele).
1620 2268 1634 2313 Ι

118 2329 317 2361 dissiluunt
341 2335 419 2361 ante
445 2341 514 2362 ras.
543 2330 580 2361 G.
615 2327 628 2371 Η
668 2331 688 2361 9
713 2329 922 2371 plurimum:
954 2331 1106 2371 primum
1133 2319 1216 2361 nme
1246 2340 1337 2360 eor-r.
1365 2329 1412 2361 ll.
1445 2326 1458 2369 Η
1499 2330 1539 2359 1⁴}
1564 2332 1636 2359 ter-

117 2396 242 2417 renum
269 2387 341 2417 eda
370 2397 479 2418 —nus
507 2387 583 2420 GH.
618 2384 632 2428 Η
667 2388 704 2417 11
731 2387 780 2416 is:
813 2385 870 2416 his
897 2386 971 2417 (ΙΙΙ.
1006 2384 1020 2428 Η
1059 2386 1254 2427 insequens
1287 2390 1322 2416 ct
1354 2385 1636 2415 interveniorum

119 2442 212 2475 doc:
241 2443 277 2473 in
304 2453 458 2484 sequens
484 2440 780 2481 iuterlvenarum
808 2442 874 2472 GH
900 2442 1081 2484 (uterque).
1121 2441 1135 2484 Η
1176 2445 1215 2473 12
1243 2453 1286 2474 ea
1312 2443 1386 2473 suis
1410 2442 1500 2472 Just:
1535 2441 1634 2471 asnis

122 2498 198 2532 GH.
238 2496 252 2540 Η
295 2500 334 2529 14
366 2500 667 2540 torquiniensium
702 2499 740 2532 G.
781 2496 795 2539 Η
835 2499 875 2529 15
913 2507 1063 2538 quarum
1096 2500 1149 2532 ed.
1188 2498 1288 2530 Ven.:
1329 2507 1477 2540 quorum
1512 2496 1586 2526 (ill.
1618 2496 1631 2537 Η

122 2557 163 2587 16
202 2554 285 2586 loesi
334 2560 411 2587 (mle
447 2567 537 2589 corr.
577 2556 613 2587 G.
652 2554 666 2598 Η
704 2555 966 2587 vulsiniensem
1012 2557 1087 2587 (ill.
1125 2553 1139 2597 Η
1177 2555 1397 2587 statoniensi
1433 2555 1484 2585 ed.
1530 2553 1634 2582 VcH-t

119 2612 270 2642 —nensi
304 2611 381 2643 GH.
422 2609 437 2654 Η
474 2612 586 2643 haece
623 2615 672 2644 sic
709 2613 790 2655 (hec
819 2614 860 2653 G)
895 2612 972 2643 GH.
1012 2610 1026 2654 Η
1067 2613 1105 2643 17
1138 2613 1187 2643 is:
1226 2611 1280 2642 his
1309 2611 1386 2640 (ill.
1421 2608 1435 2651 Η
1475 2611 1513 2639 15
1540 2608 1633 2649 ignis

121 2670 240 2698 tactus
267 2668 303 2698 ll
329 2666 439 2707 (Llc-J:
468 2671 589 2700 tactus
608 2669 703 2709 ignis
731 2670 767 2700 [τ’.
798 2666 812 2711 Η
843 2668 973 2699 18-22
999 2668 1061 2700 sed
1081 2671 1165 2699 sunt
1182 2668 1304 2698 firmat*
1333 2692 1338 2698 .
1360 2692 1366 2698 .
1388 2690 1394 2697 .
1422 2674 1633 2706 permanen-

119 2726 175 2754 tes
203 2747 210 2754 .
232 2748 237 2754 .
257 2747 264 2755 .
290 2723 428 2756 habent
456 2751 462 2757 .
484 2748 517 2756 ..
545 2724 725 2757 solidatae
753 2751 758 2757 .
780 2751 786 2757 .
805 2750 812 2758 .
839 2729 1015 2757 nocentur
1031 2725 1124 2756 ‹loc-,t
1152 2725 1215 2755 sed
1243 2728 1298 2755 cst
1324 2726 1355 2762 μ’·
1376 2725 1414 2762 (i)
1443 2722 1543 2752 lirina
1571 2747 1578 2754 .
1598 2746 1604 2752 .
1626 2746 1632 2753 .

120 2789 337 2819 permanens
365 2807 372 2814 .
394 2806 400 2812 .
420 2807 427 2813 .
454 2780 566 2812 habet
681 2782 838 2813 solidata
866 2806 872 2812 .
894 2805 900 2812 .
922 2806 928 2812 .
956 2784 1104 2813 nocetur
1137 2781 1213 2813 (ill,
1247 2778 1260 2821 Η
1299 2782 1337 2809 21
1368 2778 1635 2819 comparationi-

118 2835 203 2866 bus:
251 2837 300 2867 εἰσ
342 2837 408 2867 GH
450 2836 510 2878 (ef.
553 2849 581 2868 (s.
619 2841 656 2878 9,
689 2842 720 2871 5.
755 2841 784 2869 6.
824 2838 876 2879 9);
929 2837 1242 2879 compactionibus·
1286 2837 1338 2869 etl,
1373 2836 1424 2868 Η.
1462 2833 1476 2876 Η
1513 2836 1555 2866 22
1588 2835 1632 2866 ab

122 2891 188 2923 GH
212 2892 336 2932 (Ll0c0‚
364 2904 384 2924 a
411 2899 488 2926 ante
514 2903 602 2926 corr.
629 2905 678 2935 e.,
711 2895 755 2926 ad
781 2899 859 2926 ante
883 2905 973 2926 corr.
1001 2894 1036 2935 l).
1075 2892 1089 2935 Η
1128 2895 1169 2924 ²24
1198 2891 1345 2923 Ferenti
1377 2891 1486 2923 alm-,2
1515 2891 1633 2924 feren-

120 2948 167 2980 tis
195 2948 270 2982 GH.

1669 634 1688 663 5

1671 973 1710 1002 10

1670 1311 1709 1341 15
