1909 3322
221 233 275 276 90
871 245 1077 276 vrrlzuvn

220 345 426 387 denticuli
460 360 514 386 ex
545 346 799 402 proiecturis
831 361 1021 388 asserum
1051 347 1212 389 habent
1242 349 1539 391 imitationem.
1590 351 1733 407 itaque

218 415 262 455 in
294 413 472 454 Graecis
504 413 705 469 operibus
745 429 868 456 nemo
900 415 980 456 sub
1010 415 1195 457 mutulos
1227 415 1465 458 denticulos
1496 418 1732 459 constituit.

216 496 301 522 non
332 481 443 521 enim
474 488 655 537 possunt
685 481 835 523 subtus
867 482 1109 524 cantherios
1139 497 1305 524 asseres
1337 498 1444 525 esse.
1495 485 1609 540 quod
1631 500 1732 540 ergo

216 562 343 604 supra
374 548 615 590 cantherios
648 555 689 591 et
719 549 877 606 templa
907 551 952 591 in
973 551 1156 591 veritate
1186 550 1315 592 debet
1337 565 1431 592 esse
1452 551 1731 607 conlocatum,

171 624 189 655 5
215 615 260 656 id
290 616 335 656 in
364 615 625 670 imaginibus
651 617 688 658 si
718 617 832 658 infra
862 618 1139 659 constitutum
1160 617 1292 659 fuerit
1321 619 1571 661 mendosam
1600 620 1730 662 habe—

214 683 279 724 bit
309 685 449 739 operis
480 684 701 725 rationem.
771 686 983 741 etiamque
1019 686 1186 741 antiqui
1224 701 1310 727 non
1340 686 1631 743 probaverunt
1659 704 1731 729 ne-

215 765 297 807 que
327 751 607 793 instituerunt
636 753 681 792 in
711 751 898 808 fastigiis
929 752 1114 794 mutulos
1151 759 1226 794 aut
1263 754 1502 796 denticulos
1532 755 1625 796 fieri
1656 755 1733 797 sed

215 833 341 875 puras
380 833 579 872 coronas,
618 819 715 861 ideo
754 820 867 876 quod
904 834 983 861 nec
1021 820 1230 862 cantherii
1268 835 1347 862 nee
1385 836 1551 863 asseres
1584 830 1732 865 contra

214 885 488 940 fastigiorum
518 886 680 928 frontes
712 887 1030 929 distribuuntur
1060 903 1138 929 nec
1167 895 1346 944 possunt
1367 890 1622 946 prominere,
1655 891 1731 932 sed

149 962 189 992 10
214 952 269 994 ad
301 952 523 995 stillicidia
554 954 783 1010 proclinati
815 954 1104 997 conlocantur.
1164 957 1224 996 ita
1255 957 1369 1012 quod
1400 972 1485 998 non
1514 964 1657 1015 potest
1686 959 1732 999 in

214 1021 396 1062 veritate
426 1022 533 1074 fieri,
565 1021 610 1062 id
640 1037 725 1063 non
756 1029 1015 1079 putaverunt
1046 1024 1090 1064 in
1120 1024 1381 1078 imaginibus
1413 1024 1575 1066 factum
1605 1040 1731 1082 posse

214 1094 375 1129 certam
405 1090 613 1130 rationem
645 1089 816 1131 habere.
878 1091 1020 1131 onmia
1051 1092 1164 1131 enim
1196 1098 1310 1132 certa
1340 1093 1604 1148 proprietate
1636 1099 1677 1135 et
1706 1108 1731 1134 a

214 1157 328 1197 veris
359 1162 536 1198 naturae
567 1157 752 1198 deducta
781 1158 973 1199 moribus
1003 1158 1344 1200 transduxerunt
1374 1160 1419 1200 in
1440 1174 1615 1216 operum
1637 1175 1730 1216 per-

213 1223 439 1276 sectiones,
479 1232 520 1266 ct
552 1238 600 1265 ea
629 1224 921 1281 probaverunt
960 1240 1139 1281 quorum
1171 1226 1482 1282 explicationes
1510 1229 1554 1269 in
1585 1228 1730 1284 dispu-

148 1300 187 1329 15
213 1291 449 1332 tationibus
489 1293 700 1334 rationem
736 1300 915 1349 possunt
946 1293 1104 1334 habere
1136 1294 1347 1335 veritatis.
1407 1295 1552 1351 itaque
1584 1309 1639 1336 ex
1669 1296 1730 1336 eis

213 1359 452 1413 originibus
485 1361 757 1416 symmetrias
790 1367 830 1401 et
860 1362 1158 1417 proportiones
1190 1362 1529 1418 uniuscuiusque
1559 1364 1730 1418 generis

213 1427 466 1468 constitutas
488 1427 765 1483 reliquerunt.
797 1443 977 1484 quorum
999 1429 1219 1483 ingressus
1237 1437 1485 1485 persecutus
1509 1430 1562 1471 de
1578 1430 1729 1472 ionicis

213 1501 254 1535 et
294 1494 515 1536 corinthiis
553 1495 896 1536 institutionibus
935 1510 1063 1552 supra
1101 1496 1216 1550 dixi,
1254 1512 1367 1538 nunc
1405 1512 1508 1539 vero
1539 1497 1730 1539 doricam

211 1562 421 1602 rationem
451 1577 744 1618 summamque
776 1563 866 1603 eius
897 1564 1084 1620 speciem
1114 1563 1306 1606 breviter
1337 1579 1562 1621 exponam.

144 1636 199 1668 111
326 1629 531 1671 Nonnulli
549 1631 716 1685 antiqui
737 1629 959 1671 architecti
976 1638 1245 1685 negaverunt
1262 1631 1408 1673 dorico
1425 1646 1582 1687 genere
1598 1632 1727 1673 aedes

145 1705 184 1735 ‘21
211 1711 352 1737 sacras
394 1703 590 1754 oportere
627 1697 740 1750 fieri,
786 1697 900 1753 quod
935 1698 1166 1740 mendosae
1205 1706 1246 1741 et
1277 1700 1652 1741 disconvenientes
1684 1701 1729 1741 in

211 1764 277 1806 his
305 1765 582 1820 symmetriae
606 1765 954 1806 conficiebantur.
1002 1767 1147 1822 itaque
1171 1769 1350 1822 negavit
1371 1767 1593 1820 Arcesius,
1625 1768 1727 1809 item

211 1831 415 1888 Pytheos,
448 1848 531 1873 non
562 1834 702 1874 minus
736 1832 1046 1887 Hermogenes.
1106 1849 1205 1874 nam
1236 1835 1272 1875 is
1305 1849 1401 1875 cum
1431 1840 1623 1890 paratam
1654 1834 1725 1875 ha-

214 1899 377 1940 buisset
407 1900 630 1941 marmoris
660 1901 825 1955 copiam
854 1901 897 1940 in
919 1900 1090 1941 doricae
1118 1901 1237 1942 aedis
1260 1902 1581 1957 perfectionem,
1614 1916 1725 1943 com-

144 1978 186 2008 25
212 1967 395 2007 mutavit
427 1981 479 2006 ex
512 1967 660 2007 eadem
699 1968 820 2023 copia
852 1973 892 2009 ct
932 1982 1023 2007 eam
1054 1969 1239 2009 ionicam
1269 1968 1427 2010 Libero
1459 1970 1577 2010 Patri
1609 1969 1725 2010 fecit.

213 2033 288 2073 scd
326 2040 470 2074 tamen
508 2049 593 2075 non
631 2034 744 2089 quod
781 2035 1011 2075 invenusta
1060 2042 1123 2076 est
1162 2036 1326 2091 species
1371 2042 1444 2076 aut
1481 2050 1616 2091 genus
1653 2044 1726 2077 aut

211 2101 375 2141 formae
413 2101 623 2155 dignitas,
678 2102 752 2141 sed
794 2102 907 2157 quod
951 2101 1145 2157 inpedita
1184 2109 1249 2144 est
1293 2109 1334 2144 et
1372 2103 1643 2144 incommoda
1681 2104 1726 2144 in

211 2182 339 2223 opere
384 2167 699 2224 triglyphorum
748 2175 789 2209 et
833 2168 1148 2210 lacunariorum
1200 2170 1462 2211 distributio.
1542 2185 1725 2226 namque

210 2250 385 2276 necesse
424 2242 487 2277 est
517 2234 758 2291 triglyphos
798 2237 999 2277 constitui
1039 2243 1185 2278 contra
1224 2237 1386 2278 medios
1418 2243 1624 2279 tetrantes
1657 2253 1723 2279 co-

144 2315 186 2345 30
211 2302 465 2357 lumnaruln,
496 2309 772 2359 metopasquc
803 2318 910 2358 quac
942 2304 1053 2344 inter
1083 2304 1326 2361 triglyphos
1349 2304 1452 2346 fient
1478 2319 1614 2362 aeque
1634 2305 1722 2347 lon-

303 2476 319 2506 1
346 2473 523 2505 denticuli
555 2484 598 2505 cx
628 2474 719 2507 doen:
761 2474 955 2507 denticulis
989 2477 1025 2506 et
1052 2475 1121 2506 GH
1149 2472 1221 2513 (Ll,
1256 2474 1519 2507 denticulorum
1551 2478 1587 2507 et
1612 2475 1676 2518 elz),
1705 2475 1719 2516 Η

211 2533 230 2562 2
256 2530 410 2562 mutulos
435 2530 548 2563 Mar-z
581 2530 716 2561 mutulo
750 2531 826 2562 GH.
859 2529 873 2573 Η
904 2533 923 2562 4
949 2531 1104 2563 veritate
1133 2530 1176 2563 G:
1208 2533 1326 2562 ——tem
1358 2531 1394 2561 Il
1426 2530 1488 2571 (L,
1514 2534 1594 2563 —ts
1619 2532 1674 2571 cl).
1705 2531 1718 2570 ‘ll

211 2589 230 2617 6
258 2588 441 2627 etiamque
465 2586 556 2619 Joa:
586 2586 695 2618 ctiam
721 2587 813 2628 quod
833 2586 890 2628 (qu
913 2588 953 2628 G)
981 2587 1056 2619 GH.
1086 2584 1100 2628 Η
1129 2587 1147 2618 7
1174 2586 1329 2618 mutulos
1356 2591 1417 2619 aut
1442 2598 1502 2621 om.
1533 2588 1613 2619 GH:
1640 2589 1720 2619 add.

215 2655 297 2688 Plzil.
321 2651 335 2696 ΙΙ
361 2655 400 2686 10
418 2652 571 2685 stillicia
594 2653 640 2686 H.
664 2651 678 2695 ΙΙ
704 2655 741 2685 11
761 2647 955 2696 pdt‘iierunt
968 2654 1021 2685 Hc
1039 2652 1097 2693 (z
1110 2656 1331 2695 putaverunt
1354 2654 1443 2695 Lle).
1467 2652 1481 2696 Η
1506 2656 1547 2686 13
1565 2653 1721 2685 deducta

217 2710 293 2741 Lor.
320 2708 438 2751 (rec.):
466 2709 632 2741 deductis
649 2710 723 2740 Gll.
749 2707 763 2751 Η
785 2712 824 2741 21
847 2710 1155 2742 disconvenientis
1173 2714 1249 2741 ante
1266 2720 1356 2743 corr.
1373 2710 1416 2743 ΙΙ,
1445 2707 1459 2751 1]
1492 2711 1533 2740 22
1551 2709 1720 2741 Arcesius

212 2777 286 2807 1790:
316 2766 517 2798 tarchesius
545 2763 701 2803 Gll(l1l‚
729 2766 917 2798 anchesius
941 2765 1006 2807 elz).
1054 2766 1138 2797 idem
1164 2765 1324 2806 argelius
1349 2766 1442 2806 infra
1472 2765 1549 2796 VII
1570 2767 1683 2806 praef.
1702 2768 1715 2808 {l

212 2824 253 2853 23
279 2822 454 2862 Pytheos:
483 2821 636 2864 pytlicus
653 2821 729 2852 (ill.
746 2822 789 2861 ef.
808 2834 842 2863 ρ.
870 2825 899 2859 S,
920 2825 949 2855 4.
973 2820 987 2864 [Ι
1010 2823 1051 2853 24
1072 2822 1306 2853 commutavit
1325 2822 1390 2853 Gll
1410 2821 1467 2862 (sc.
1486 2823 1717 2862 symmetriam,

213 2882 245 2907 nc
277 2878 315 2913 V,
342 2880 370 2915 Ι,
399 2879 446 2917 4).
485 2877 498 2919 Η
537 2879 578 2909 27
610 2880 665 2910 est
697 2880 733 2908 ct
764 2878 862 2912 Lora:
907 2882 963 2910 cst
987 2877 1196 2909 distributio
1229 2876 1288 2917 (cas
1313 2889 1342 2909 υ.
1368 2877 1424 2917 28)
1461 2880 1496 2909 et
1523 2878 1597 2909 GH.
1631 2876 1645 2919 ll
1677 2879 1719 2909 25

215 2932 422 2966 distributio
448 2934 549 2970 L01·.:
578 2944 688 2966 —-one
718 2934 793 2967 GH.
824 2932 839 2976 Η
871 2936 914 2967 30
938 2934 1126 2977 metophas
1156 2934 1220 2965 Gll
1246 2933 1291 2974 (ec
1315 2935 1363 2966 stc
1386 2934 1544 2976 semper).

1756 1647 1770 1677 1
