1909 3322
180 974 218 1005 10

236 243 290 284 92
887 245 1094 275 VITRUVII

237 356 323 396 suis
357 352 557 408 metopis,
602 349 678 391 alti
715 349 840 390 unius
882 353 922 388 et
953 345 1170 388 dimidiati
1207 342 1369 385 moduli
1379 375 1391 397 ,
1431 342 1507 383 lati
1537 342 1583 383 in
1612 341 1753 383 fronte

236 423 362 463 unius
405 417 591 471 moduli,
637 418 698 458 ita
736 416 869 457 divisi
906 421 953 456 ut
991 415 1036 455 in
1072 411 1351 468 angularibus
1389 409 1598 451 columnis
1638 414 1679 450 et
1709 409 1753 449 in

238 488 390 530 mediis
429 492 576 527 contra
614 490 821 526 tetrantes
861 481 1025 523 medios
1065 482 1152 522 sint
1189 477 1422 531 conlocati,
1464 483 1505 518 et
1541 477 1587 516 in
1623 476 1752 516 inter-

239 554 464 597 columniis
504 552 682 609 reliquis
720 551 836 605 bini,
876 550 921 590 in
960 548 1115 589 mediis
1155 560 1314 603 pronao
1354 551 1395 586 et
1432 544 1597 601 postico
1628 543 1753 584 terni.

239 625 300 665 ita
337 622 546 664 relaxatis
583 619 739 661 mediis
778 616 1039 668 intervallis,
1086 615 1179 655 sine
1224 611 1565 669 inpeditionibus
1610 609 1754 651 aditus

239 689 545 732 accedentibus
585 688 665 729 erit
701 686 758 727 ad
797 686 973 726 deorum
1011 681 1253 724 simulacra.
1312 678 1630 736 triglyphorum
1661 676 1754 718 lati-

240 758 343 800 tudo
383 756 604 798 dividatur
640 755 685 796 in
723 760 867 810 partes
906 767 1004 804 sex,
1045 765 1099 791 ex
1131 749 1285 805 quibus
1318 748 1505 804 quinque
1537 751 1680 802 partes
1713 745 1758 785 in

242 825 382 866 medio
393 857 404 878 7
437 824 547 864 duae
577 821 782 863 dimidiae
813 820 968 861 dextra
997 833 1047 859 ac
1078 817 1252 859 sinistra
1283 815 1565 870 designentur
1595 811 1757 867 regula.

241 908 325 935 una
355 895 400 934 in
430 891 572 933 medio
604 889 869 931 deformetur
898 887 1058 939 femur,
1092 884 1205 941 quod
1232 897 1384 939 graece
1421 896 1558 936 {NJQOS
1588 880 1759 921 dicitur.

243 960 479 1003 secundum
517 973 609 999 eam
649 955 875 998 canaliculi
913 953 968 995 ad
1005 967 1179 995 normae
1218 965 1422 992 cacumen
1458 943 1758 1005 inprimantur.

244 1045 298 1070 ex
328 1028 478 1070 ordine
509 1040 654 1067 eorum
685 1023 840 1064 dextra
868 1037 918 1063 ac
948 1021 1124 1062 sinistra
1153 1019 1287 1060 altera
1315 1018 1477 1058 femina
1498 1016 1760 1057 constituan—

243 1104 326 1139 tur.
377 1096 422 1136 in
453 1093 656 1135 extremis
689 1091 883 1147 partibus
916 1086 1252 1130 semicanaliculi
1282 1087 1636 1127 intervertantur.
1686 1082 1761 1123 tri-

245 1164 418 1220 glyphis
458 1163 518 1203 ita
559 1159 812 1211 conlocatis,
852 1163 1048 1213 metopae
1088 1169 1195 1211 quae
1233 1160 1332 1195 sunt
1369 1154 1481 1194 inter
1517 1149 1760 1207 triglyphos

245 1246 379 1287 aeque
407 1229 520 1271 altae
551 1229 637 1269 sint
668 1241 795 1283 quam
825 1224 991 1280 longae,
1023 1224 1125 1264 item
1147 1223 1191 1263 in
1220 1221 1423 1263 extremis
1445 1217 1614 1274 angulis
1637 1217 1761 1259 semi-

246 1300 434 1355 metopia
473 1298 559 1338 sint
596 1297 791 1352 inpressa
830 1291 1010 1334 dimidia
1049 1289 1212 1331 moduli
1249 1288 1490 1330 latitudine.
1550 1287 1612 1327 ita
1650 1285 1764 1326 enim

249 1368 330 1408 erit
366 1373 412 1407 ut
451 1365 594 1406 onmia
632 1363 739 1403 Vitia
785 1367 826 1402 et
864 1366 1131 1416 metoparum
1175 1363 1216 1398 et
1259 1354 1685 1397 intercolumniorum
1725 1358 1766 1393 et

249 1434 584 1484 lacunariorum,
624 1430 739 1486 quod
768 1427 968 1484 aequales
1000 1426 1238 1467 divisiones
1269 1424 1409 1465 factae
1441 1427 1564 1463 erunt
1574 1454 1585 1475 7
1625 1434 1763 1461 emen-

249 1503 417 1543 dentur.
477 1498 690 1555 triglyphi
720 1495 909 1552 capitula
939 1500 1061 1535 sexta
1093 1499 1214 1549 parte
1244 1490 1407 1534 moduli
1428 1496 1527 1531 sunt
1547 1487 1764 1529 faciunda.

250 1584 379 1627 supra
416 1566 735 1623 triglyphorum
775 1562 962 1619 capitula
999 1576 1156 1603 corona
1194 1566 1257 1601 est
1295 1556 1557 1600 conlocanda
1594 1556 1639 1596 in
1670 1570 1765 1612 pro-

184 1658 191 1666 *
250 1639 414 1679 iectura
445 1633 650 1675 dimidiae
682 1639 723 1674 et
753 1638 903 1673 sextae
934 1630 1068 1686 partis
1101 1628 1262 1669 habens
1303 1626 1536 1683 cymatium
1574 1623 1767 1665 doricum

251 1706 295 1746 in
326 1706 425 1758 imo,
457 1702 639 1744 alterum
669 1702 715 1741 in
745 1714 922 1742 summo.
982 1698 1085 1739 item
1110 1711 1205 1737 cum
1227 1694 1426 1751 cymatiis
1449 1707 1604 1734 corona
1626 1705 1768 1732 crassa

345 1889 359 1918 1
388 1887 494 1918 unius
527 1888 562 1916 et
591 1884 771 1915 dimidiati
802 1883 894 1915 Just:
937 1880 1042 1912 unius
1069 1878 1247 1910 dimidiati
1282 1877 1357 1908 GH.
1396 1873 1410 1917 Η
1450 1877 1468 1906 3
1501 1875 1538 1905 in
1571 1874 1691 1905 addidi
1722 1870 1767 1911 (8τ,

254 1941 566 1985 ἰιηίῑθιόοΙιιῃωίἱε
593 1940 684 1978 GH).
717 1937 730 1981 Η
761 1940 781 1970 4
807 1938 882 1969 bini
907 1938 1001 1968 doen:
1035 1935 1129 1967 binis
1157 1934 1233 1965 GH.
1273 1931 1287 1974 Η
1325 1933 1344 1963 6
1370 1931 1527 1962 latitudo
1554 1931 1647 1962 λοοκς
1689 1928 1770 1960 alti-

255 2000 339 2032 tudo
368 1998 444 2030 GH.
478 1995 491 2039 l}
525 1998 541 2027 7
570 1994 757 2036 (quinque)
785 1996 908 2035 partes
932 1993 1025 2024 doen:
1052 1990 1214 2032 partibus
1244 1989 1320 2022 GH.
1353 1986 1367 2030 Η
1399 1988 1419 2018 9
1444 1987 1559 2018 femor
1583 1990 1661 2017 ante
1680 1995 1770 2016 corr.

256 2068 302 2100 H,
336 2064 350 2108 Η
388 2075 519 2107 graece
545 2073 661 2105 μηρος
693 2063 785 2093 -Joc.:
825 2070 933 2101 grece
972 2068 1050 2089 eros
1087 2059 1130 2094 G,
1165 2045 1323 2106 graecae
1350 2065 1429 2086 eros
1454 2054 1500 2085 H.
1534 2051 1548 2095 Η
1582 2053 1620 2083 11
1649 2061 1770 2083 eorum

255 2136 348 2166 .Ioc.:
378 2142 499 2164 earum
528 2131 603 2163 GH.
635 2127 649 2172 Η
683 2131 722 2161 13
748 2125 1041 2167 intel-trigliphos
1068 2126 1115 2165 (tr
1139 2126 1172 2156 in
1190 2122 1274 2164 ras.)
1296 2123 1339 2155 G:
1366 2120 1619 2163 interglyphos
1636 2116 1770 2159 H(l<·le‚

255 2187 556 2230 intertriglyphos
582 2187 628 2223 L,
662 2186 757 2216 inter
788 2182 990 2225 trigluphos
1020 2180 1083 2222 72²).
1121 2178 1135 2222 Η
1176 2181 1215 2211 14
1246 2177 1499 2218 semimetopia
1529 2177 1624 2209 doen:
1668 2175 1773 2206 semi-

258 2256 439 2298 memphia
458 2252 770 2306 (semivmemphia
797 2251 853 2290 (1¹⁶)
883 2251 958 2283 GlI.
984 2250 998 2292 Η
1022 2250 1062 2280 18
1080 2248 1255 2280 faciunda
1276 2247 1342 2279 GH
1367 2244 1463 2288 (βοὴ,
1490 2235 1651 2276 fac¹unda
1678 2243 1733 2281 lc).
1755 2238 1769 2282 ll

257 2328 300 2357 ‘20
325 2323 497 2355 dimidiae
525 2325 560 2353 et
585 2323 686 2362 sexte
712 2319 828 2361 partis
847 2318 891 2349 L:
926 2316 1099 2348 dimidiae
1127 2314 1317 2357 (dimediae
1342 2324 1375 2351 c,
1410 2311 1509 2353 -die
1535 2309 1559 2352 l)
1586 2312 1623 2342 et
1647 2312 1773 2341 sextae

260 2381 378 2416 (sexte
403 2391 431 2413 c,
458 2389 520 2410 sex
545 2377 567 2417 l)
599 2379 703 2418 parte
735 2376 775 2406 H
797 2373 874 2415 (lc),
908 2373 1053 2415 dimidie
1088 2374 1124 2404 et
1155 2373 1259 2403 sexta
1281 2368 1285 2411 Ι
1307 2371 1410 2411 parte
1445 2369 1482 2400 G.
1513 2365 1528 2410 Η
1557 2364 1715 2407 2Ο(-93,
1738 2364 1772 2404 2)

260 2437 449 2470 habens..
465 2461 472 2469 .
492 2432 802 2476 perpendiculum:
829 2431 911 2462 haec
935 2431 1050 2461 eadem
1074 2427 1175 2460 verba
1199 2431 1234 2458 ut
1257 2427 1291 2457 in
1325 2424 1393 2457 GH
1414 2425 1461 2455 ita
1492 2424 1525 2455 in
1551 2422 1697 2455 omnibus
1721 2432 1774 2452 eo-

260 2493 387 2526 dicibzcs
410 2495 610 2533 repetuntur
634 2489 726 2529 infra
749 2499 785 2528 p.
811 2489 873 2520 93,
900 2488 940 2516 17
964 2486 1053 2516 inter·
1076 2483 1178 2515 verba
1202 2483 1240 2513 iu
1272 2480 1439 2512 mediano
1464 2483 1495 2510 et
1522 2481 1646 2511 contra
1673 2477 1775 2509 fasti-

261 2551 369 2592 gium,
396 2549 461 2580 nisi
485 2548 575 2589 quod
596 2555 707 2577 vocem
731 2542 867 2574 moduli
893 2552 988 2584 quam
1012 2540 1108 2572 habet
1130 2540 1165 2576 G,
1186 2549 1256 2570 eam
1273 2538 1391 2569 omittit
1406 2537 1447 2567 H
1463 2534 1566 2577 (ch),
1591 2537 1665 2566 item
1683 2538 1775 2565 recte

261 2617 324 2648 pro
343 2606 414 2645 (93,
435 2604 467 2643 1)
494 2602 662 2634 columna
679 2601 712 2631 in
732 2599 796 2631 GH
814 2603 889 2630 teme
905 2597 1063 2629 scribitur
1088 2605 1233 2629 corona.
1267 2595 1363 2626 eiecit
1387 2593 1580 2624 Lorentzen
1604 2590 1672 2623 obs.
1700 2590 1775 2620 crit.

261 2675 295 2703 p.
324 2665 353 2693 7.
386 2671 470 2703 quae
499 2659 657 2700 repetitio
683 2657 760 2687 inde
792 2659 871 2686 nata
903 2659 952 2685 est
983 2653 1072 2695 quod
1100 2652 1211 2683 oculus
1241 2649 1420 2682 scribentis
1450 2649 1496 2679 ad
1525 2649 1629 2688 ipsum
1651 2646 1776 2676 initiam

264 2720 332 2750 eius
358 2728 452 2760 quam
476 2716 572 2748 modo
597 2713 826 2753 descripserat
843 2711 986 2751 paginae
1011 2712 1183 2741 revertens
1208 2708 1292 2738 idem
1309 2706 1370 2737 boc
1393 2705 1536 2736 eiusdem
1551 2703 1697 2744 paginae
1716 2702 1776 2732 ini-

264 2776 341 2805 tz'mn
357 2773 407 2805 bis
421 2775 582 2814 poneret:
620 2769 819 2801 interiacent
849 2768 932 2798 enim
961 2767 1049 2797 iuter
1073 2764 1168 2795 inicia
1193 2763 1257 2793 loci
1286 2761 1335 2792 bis
1358 2761 1478 2801 scripti
1500 2767 1615 2790 versus
1639 2757 1777 2788 circiter

268 2832 308 2861 18
339 2830 432 2860 liuius
463 2829 515 2860 ed.
547 2828 597 2859 vel
628 2825 752 2858 codicis
784 2823 927 2854 Gmlz‘ani
958 2823 1019 2861 31,
1052 2821 1107 2862 qui
1137 2828 1288 2850 numeras
1317 2820 1459 2858 spatium
1490 2815 1607 2856 eaeplet
1627 2814 1776 2854 paginae

267 2887 360 2917 nnius
391 2887 461 2916 eins
491 2884 616 2917 codicis
640 2892 684 2914 ex
709 2890 772 2923 quo
803 2883 835 2910 et
863 2878 889 2909 G
915 2882 945 2909 et
973 2877 1011 2910 H
1036 2876 1186 2918 profecti
1215 2879 1305 2911 sunt,
1336 2874 1406 2904 scil.
1437 2872 1469 2903 in
1501 2881 1564 2912 quo
1588 2870 1694 2910 primo
1724 2868 1776 2908 fo-

267 2942 383 2973 liorum
413 2941 544 2981 septimi
573 2938 651 2971 libri
680 2938 816 2970 decorum
847 2935 931 2967 ordo
963 2942 1142 2965 conversus
1164 2931 1240 2971 fuit.
