1909 3322
146 942 160 971 1

148 1279 183 1307 1.

151 1957 169 1985 [ὓ

174 1956 193 1985 (51

165 605 185 635 ῼἾ

166 942 186 972 O

168 1289 187 1308 D

212 214 265 257 82
861 219 1071 252 vmauvn

209 328 272 368 uti
309 326 426 367 frons
467 337 648 365 coronae
685 322 740 364 ab
779 325 982 364 extremis
1021 323 1220 379 cymatiis
1265 328 1355 364 tota
1401 322 1650 364 dimetiatur
1685 322 1731 363 in

211 400 351 450 partes
392 406 547 432 novem
586 397 626 432 et
665 405 721 431 ex
758 391 818 431 eis
856 406 942 432 una
978 405 1076 447 pars
1119 392 1165 432 in
1194 390 1335 431 medio
1367 391 1588 430 cacumine
1617 396 1730 446 tym-

211 462 311 517 pani
350 460 657 512 constituatur,
697 459 797 500 dum
829 465 977 500 contra
1008 458 1211 515 epistylia
1243 458 1622 513 columnarumque
1652 457 1730 512 hy-
1756 470 1760 471 ⁷

210 526 474 584 potrachelia
503 527 559 567 ad
590 525 944 582 perpendiculum
974 525 1245 582 respondeat.
1306 539 1572 580 coronaeque
1603 539 1732 580 supra

209 594 446 651 aequaliter
476 595 573 635 imis
605 600 775 650 praeter
805 595 933 634 simas
965 600 1063 634 sunt
1094 592 1394 635 conlocandae.
1460 594 1635 647 insuper
1665 606 1732 632 co-

209 678 336 705 ronas
369 663 524 715 simae,
558 677 661 717 quas
695 661 853 703 Graeci
886 661 1137 709 επαιετιδας
1167 660 1337 714 dicunt,
1377 659 1604 700 faciendae
1635 664 1734 700 sunt

209 730 384 772 altiores
417 735 570 771 octava
600 736 721 786 parte
752 743 1004 770 coronarum
1040 727 1300 779 altitudinis.
1360 728 1571 768 acroteria
1600 741 1734 781 angu-

211 798 318 839 laria
348 804 433 840 tam
464 796 551 838 alta
582 803 788 853 quantum
821 803 884 837 cst
914 803 1168 852 tympanum
1198 795 1410 848 medium,
1444 794 1645 836 mediana
1673 794 1732 834 al-

212 867 320 908 tiora
350 872 502 907 octava
532 871 654 921 parte
686 879 812 920 quam
843 863 1080 919 angularia.

324 933 520 975 Membra
560 933 701 973 omnia
746 947 854 987 quae
894 946 1023 988 supra
1070 929 1260 987 capitula
1305 929 1598 971 columnarum
1636 936 1735 970 sunt

212 1002 356 1043 futura
401 1001 447 1041 id
494 1007 557 1041 est
604 999 806 1056 epistylia
845 999 1060 1055 zophoroe
1099 996 1279 1039 coronae
1316 1005 1524 1055 tympana
1561 997 1736 1052 fastigia

212 1069 424 1110 acroteria
462 1066 711 1107 inclinanda
743 1073 842 1107 sunt
872 1067 917 1107 in
948 1066 1089 1107 fronte
1120 1081 1222 1107 suae
1254 1066 1460 1122 cuiusque
1490 1064 1735 1106 altitudinis

212 1143 333 1192 parte
377 1147 445 1176 XII
457 1167 467 1187 ,
515 1134 612 1175 ideo
660 1134 772 1189 quod
819 1148 916 1174 cum
961 1134 1206 1175 steterimus
1253 1139 1401 1174 contra
1449 1134 1635 1185 frontes,
1681 1132 1736 1172 ab

213 1203 333 1243 oculo
373 1202 512 1243 lineae
545 1202 655 1242 duae
693 1202 729 1242 si
769 1207 973 1242 extensae
1004 1200 1165 1242 fuerint
1196 1208 1238 1242 et
1268 1215 1352 1242 una
1382 1201 1577 1255 tetigerit
1606 1200 1735 1240 imam

213 1272 352 1327 operis
375 1277 561 1326 partem7
584 1268 719 1310 altera
740 1284 970 1323 summam,
995 1283 1104 1324 qua-e
1126 1283 1334 1309 summam
1355 1268 1548 1323 tetigerit
1568 1266 1738 1321 longior

212 1339 299 1379 fiet.
360 1339 420 1378 ita
459 1353 540 1393 quo
580 1336 747 1391 longior
778 1337 896 1377 visus
929 1336 1044 1376 linea
1073 1337 1119 1376 in
1149 1337 1413 1392 superiorem
1443 1342 1609 1392 partem
1640 1349 1734 1390 pro-

215 1406 352 1459 cedit,
384 1406 676 1461 resupinatam
697 1403 801 1444 facit
824 1405 914 1445 eius
937 1404 1137 1460 speciem.
1198 1418 1293 1444 cum
1324 1410 1482 1457 autem,
1514 1403 1578 1443 uti
1608 1416 1738 1457 supra

214 1474 421 1528 scriptum
467 1479 550 1526 est,
598 1473 643 1511 in
687 1471 828 1512 fronte
875 1470 1081 1511 inclinata
1118 1471 1301 1523 fuerint,
1340 1478 1443 1512 tunc
1479 1471 1523 1511 in
1560 1476 1738 1525 aspectu

215 1540 479 1581 videbuntur
518 1553 609 1579 esse
635 1539 690 1579 ad
722 1538 1077 1595 perpendiculum
1109 1545 1149 1579 et
1179 1552 1384 1579 normam.
1445 1537 1736 1579 columnarum

216 1608 345 1648 striae
374 1607 596 1647 faciendae
627 1614 726 1647 sunt
755 1618 895 1647 XXIIII
930 1607 991 1646 ita
1027 1612 1262 1646 excavatae
1282 1606 1346 1646 uti
1375 1620 1524 1646 norma
1554 1605 1599 1645 in
1631 1619 1737 1644 cavo

216 1676 347 1716 striae
393 1689 487 1715 cum
528 1674 658 1714 fuerit
697 1674 911 1727 coniecta,
959 1674 1217 1714 circumacta
1260 1672 1497 1714 anconibus
1536 1672 1737 1713 striarum

217 1743 371 1783 dextra
400 1757 450 1783 ac
481 1742 656 1782 sinistra
686 1742 866 1796 angulos
898 1747 1049 1795 tangat
1079 1756 1343 1797 acumenque
1373 1754 1546 1781 normae
1577 1739 1737 1780 circum

214 1810 559 1851 rotundationem
580 1809 797 1864 tangendo
819 1809 1047 1864 pervagari
1068 1809 1217 1864 possit.
1278 1807 1582 1849 crassitudines
1614 1807 1735 1848 stria-

217 1893 310 1918 rum
348 1877 571 1917 faciendae
609 1867 707 1917 sunt
747 1883 952 1931 quantum
990 1875 1177 1917 adiectio
1210 1877 1253 1916 in
1284 1876 1426 1916 media
1457 1875 1653 1916 columna
1683 1888 1738 1914 ex

219 1945 509 1999 descriptione
531 1944 787 1984 invenietur.
850 1944 893 1982 in
924 1943 1043 1982 simis
1076 1957 1183 1997 quae
1214 1958 1343 1998 supra
1374 1957 1572 1999 coronam
1603 1943 1647 1982 in
1678 1941 1735 1982 la-

218 2012 381 2053 teribus
413 2018 513 2052 sunt
543 2011 713 2050 aedium
723 2043 733 2064 7
768 2010 911 2064 capita
942 2009 1112 2050 leonina
1133 2017 1231 2050 sunt
1254 2010 1497 2066 scalpenda,
1530 2010 1740 2065 disposita

310 2174 329 2203 3
356 2171 528 2213 epistylia
559 2170 652 2201 dom:
692 2169 847 2211 epistilii
882 2169 909 2200 G
941 2169 1019 2209 (L),
1051 2169 1215 2212 epystilii
1242 2171 1277 2201 H
1301 2170 1375 2213 (le).
1415 2168 1429 2212 Η
1467 2171 1488 2202 4
1520 2169 1738 2212 respondeat

220 2227 325 2259 Phih:
352 2227 509 2258 —deant
536 2227 612 2261 GH,
645 2224 659 2268 Η
691 2228 710 2257 6
736 2221 957 2263 ἐπαιετίδας
983 2226 1161 2258 Bo'llz'elzer
1187 2226 1369 2267 (Tektom’lc
1394 2227 1424 2264 Ι,
1452 2227 1551 2267 202);
1580 2226 1739 2268 epitidas

223 2284 293 2314 GH
317 2283 371 2324 (L,
399 2282 565 2325 epytidas
590 2281 645 2322 Ic).
667 2280 681 2324 Η
707 2284 744 2313 11
773 2282 951 2323 zophoroe
978 2293 1038 2324 eyo
1065 2283 1126 2324 (ef.
1148 2295 1185 2324 p.
1206 2285 1259 2319 SA,
1288 2285 1342 2319 13,
1370 2282 1517 2325 zophori
1542 2282 1652 2322 ιΙοε·.);
1680 2293 1737 2313 zo-

221 2340 334 2380 phora
367 2340 445 2371 GII.
479 2337 494 2380 Η
533 2348 688 2370 coronae
722 2340 896 2379 tympana
932 2339 1023 2372 doe:
1067 2349 1200 2371 corona
1225 2338 1254 2370 St
1280 2337 1499 2380 ty(i)mpana
1527 2339 1604 2370 GH.
1644 2335 1658 2380 Η
1698 2339 1738 2369 12

222 2396 340 2427 fronte
368 2396 460 2427 Mar.
489 2394 551 2435 (ef.
576 2406 604 2428 v.
633 2394 706 2434 18):
732 2394 870 2425 frontes
897 2400 973 2426 ante
999 2406 1067 2427 ras.
1095 2396 1138 2433 G,
1166 2395 1295 2427 frontis
1328 2395 1364 2425 H
1391 2393 1543 2435 (GcLle).
1593 2399 1737 2425 ceterum

223 2463 343 2494 fronte
369 2473 435 2494 sua
468 2462 576 2499 Illam,
610 2461 728 2493 fronte
768 2471 854 2492 suae
888 2462 971 2494 Lor.
1010 2460 1025 2504 Η
1064 2464 1104 2494 13
1135 2465 1260 2503 partes
1282 2490 1288 2496 .
1310 2462 1381 2494 XII
1411 2463 1454 2495 L.
1483 2458 1502 2504 Η
1541 2453 1619 2493 οδω
1644 2462 1691 2495 Η.
1720 2459 1734 2502 Η

223 2519 391 2549 sterimus
417 2522 494 2549 ante
519 2528 610 2549 corr.
638 2517 676 2550 G.
708 2514 723 2558 Η
756 2519 796 2548 15
824 2517 939 2549 altera
963 2523 1041 2550 ante
1064 2529 1133 2549 ras.
1152 2518 1199 2549 H.
1233 2515 1247 2559 Η
1281 2519 1321 2548 16
1338 2517 1503 2559 procedit
1520 2516 1734 2558 H((1'cLlc):

224 2575 395 2614 procedet
425 2579 502 2605 mete
527 2584 617 2606 corr.
650 2573 687 2605 G.
724 2570 740 2615 Η
780 2574 819 2604 17
850 2574 1096 2615 resupinatam
1131 2574 1197 2605 GH
1228 2571 1336 2615 (Ll⁶):
1380 2574 1627 2615 resopinatam
1658 2578 1735 2604 ante

223 2641 312 2662 corr.
340 2631 377 2661 ll
402 2630 433 2669 (c
457 2635 490 2661 et
513 2634 590 2661 aule
608 2639 697 2661 corr.
716 2629 738 2665 Z,
765 2639 822 2660 res
840 2630 1024 2670 opinatam
1048 2629 1095 2669 Ιι)7
1119 2628 1134 2671 Η
1159 2630 1199 2661 18
1218 2629 1354 2661 fuerint
1370 2630 1463 2662 Jocz:
1490 2629 1602 2660 fuerit
1622 2629 1697 2662 GH.
1719 2629 1732 2669 Η

224 2686 263 2715 21
293 2686 493 2717 anconibus
521 2685 586 2717 GH
613 2683 668 2725 (L,
695 2685 894 2717 acconibus
919 2684 974 2726 lc).
1007 2683 1021 2727 Η
1053 2686 1094 2716 22
1120 2685 1269 2716 sinistra
1295 2683 1320 2727 (ᾖ
1340 2686 1381 2726 G)
1400 2688 1533 2727 tangat
1550 2685 1649 2726 acum
1670 2684 1739 2723 H)-

225 2750 304 2771 men
333 2742 399 2772 GH
425 2740 594 2783 (angulos
619 2741 697 2772 add.
722 2739 826 2780 doc)
858 2738 873 2782 Η
906 2751 1056 2772 acumen
1083 2750 1175 2782 quae
1204 2740 1285 2782 (que
1306 2741 1347 2783 G)
1376 2741 1442 2772 GH
1468 2742 1559 2780 (inde
1584 2751 1616 2771 a.
1643 2749 1737 2779 quae

225 2805 348 2827 norma
381 2797 438 2837 L).
473 2795 486 2839 Η
525 2799 567 2829 23
598 2795 851 2835 rotundation[¹
883 2797 929 2829 L:
963 2797 1043 2836 ro(u
1058 2796 1324 2838 H)tundatione
1352 2797 1418 2827 GH
1444 2795 1514 2837 (le).
1548 2793 1562 2837 Η
1605 2795 1738 2826 crassi-

225 2852 368 2883 tudines
396 2853 423 2883 G
449 2852 559 2893 (Lm),
586 2853 688 2883 —nis
712 2852 748 2883 H
774 2851 816 2892 (Ie
840 2856 873 2882 et
898 2857 975 2883 ante
1001 2863 1090 2884 corr.
1116 2851 1161 2892 Ιι).
1195 2850 1209 2894 Η
1246 2852 1289 2884 26
1313 2852 1492 2894 disposita
1519 2852 1571 2882 ita
1596 2852 1649 2882 uti
1675 2861 1735 2892 390

231 2906 284 2936 ita
310 2908 430 2947 posita
455 2909 507 2938 uti
532 2908 659 2950 zwlynjz
687 2908 865 2950 disposita
892 2908 944 2938 uti
975 2908 1054 2938 GH.

1763 940 1802 970 13

1764 1548 1805 1578 14
