1899 3322
103 685 144 717 10

105 1227 142 1257 11

585 231 647 260 DE
678 229 1031 261 ARCHITECTURA
1064 230 1155 260 ΜΒ.
1187 230 1268 260 v11.
1606 217 1694 260 169⁷

169 333 460 376 siderantibus
491 333 702 388 imagines
733 332 898 385 reddit,
931 332 993 373 sic
1022 333 1201 373 tectoria
1223 346 1331 388 quae
1353 346 1407 373 ex
1436 331 1556 373 tenui
1586 336 1685 372 sunt

169 403 298 444 ducta
334 402 514 443 materia
550 416 637 443 non
673 399 800 442 modo
839 399 947 441 fiunt
982 400 1162 452 rimosa,
1210 400 1288 441 sed
1325 400 1453 441 etiam
1490 398 1686 441 celeriter

169 475 447 512 evanescunt.
515 483 624 525 quae
659 474 803 510 autem
840 467 1021 510 fundata
1058 467 1348 509 harenationis
1382 474 1423 509 et
1460 468 1684 508 marmoris

169 537 389 580 soliditate
434 544 533 579 sunt
578 535 866 578 crassitudine
909 536 1069 592 spissa,
1119 550 1215 576 cum
1262 542 1361 577 sunt
1403 535 1685 591 politionibus

170 605 333 647 crebris
365 605 556 658 subacta,
588 620 674 646 non
694 603 821 646 modo
843 610 943 644 sunt
973 604 1176 656 nitentia,
1209 603 1285 644 sed
1316 604 1445 644 etiam
1476 604 1686 658 imagines

169 688 397 730 expressas
435 673 747 729 aspicientibus
788 686 842 712 ex
882 686 930 713 eo
967 685 1095 727 opere
1124 672 1363 712 remittunt.
1424 670 1687 713 Graecorum

169 755 272 782 vero
303 747 487 782 tectores
518 755 603 781 non
635 739 773 782 solum
803 739 870 780 his
900 739 1142 781 rationibus
1174 737 1335 780 utendo
1366 738 1528 780 faciunt
1560 753 1688 795 opera

169 809 314 862 firma,
348 809 424 849 sed
456 809 584 849 etiam
606 808 809 849 mortario
832 806 1074 860 conlocato,
1107 805 1223 847 calce
1245 812 1286 847 et
1315 806 1475 849 harena
1498 806 1558 848 ibi
1590 821 1687 848 con-

170 876 279 929 fusa,
313 875 487 917 decuria
517 875 738 917 hominum
760 876 950 928 inducta,
983 874 1138 929 ligneis
1160 874 1358 915 vectibus
1390 874 1536 930 pisunt
1556 882 1686 916 mate-

170 945 304 997 riam,
352 950 393 985 et
430 944 491 984 ita
527 943 583 983 ad
629 949 846 984 certamen
883 942 1062 984 subacta
1103 948 1207 983 tunc
1243 947 1435 983 utuntur.
1500 942 1689 998 itemque

169 1011 392 1054 veteribus
431 1011 670 1068 parietibus
707 1010 901 1052 nonnulli
939 1017 1104 1052 crustas
1146 1009 1396 1052 excidentes
1436 1025 1512 1066 pro
1543 1010 1688 1051 abacis

169 1085 371 1133 utuntur,
404 1079 583 1135 ipsaque
614 1079 796 1120 tectoria
824 1078 1055 1120 abacorum
1087 1084 1128 1119 et
1159 1077 1430 1134 speculorum
1461 1078 1687 1119 divisioni-

169 1148 250 1189 bus
282 1147 395 1188 circa
426 1161 471 1187 se
501 1147 791 1202 prominentes
821 1146 982 1188 habent
1013 1146 1326 1202 expressiones.

285 1214 362 1256 Sin
398 1220 541 1255 autem
580 1214 625 1254 in
664 1215 851 1256 craticiis
891 1215 1071 1256 tectoria
1111 1220 1235 1255 erunt
1272 1214 1492 1266 facienda,
1534 1214 1688 1270 quibus

170 1297 345 1324 necesse
376 1289 441 1324 est
478 1283 522 1323 in
552 1283 796 1323 arrectariis
828 1289 869 1324 et
907 1282 1230 1324 transversariis
1267 1282 1397 1323 rimas
1436 1281 1550 1335 fieri,
1591 1282 1688 1323 ideo

172 1350 285 1406 quod
323 1349 412 1392 luto
451 1364 548 1391 cum
587 1348 781 1391 linuntur
817 1351 1060 1392 necessario
1091 1349 1305 1405 recipiunt
1341 1364 1552 1403 umorem,
1593 1364 1687 1389 cum

170 1425 315 1460 autem
344 1420 553 1473 Jareseunt
592 1419 815 1459 extenuati
853 1419 897 1459 in
933 1418 1125 1460 tectoriis
1164 1416 1328 1458 faciunt
1366 1418 1518 1471 rimas,
1559 1417 1605 1457 id
1641 1423 1688 1458 ut

170 1501 256 1528 non
293 1486 368 1528 fiat
404 1486 510 1526 haee
542 1487 623 1528 erit
660 1487 784 1528 ratio.
852 1500 948 1526 cum
985 1486 1128 1542 paries
1166 1491 1281 1527 totus
1322 1485 1410 1526 luto
1440 1485 1687 1541 inquinatus

170 1553 322 1607 fuerit,
363 1560 465 1595 tunc
502 1555 547 1595 in
578 1568 626 1595 eo
657 1568 786 1611 opere
817 1568 979 1595 cannae
1018 1553 1151 1595 clavis
1189 1553 1413 1594 muscariis
1454 1560 1688 1609 perpetuae

170 1621 379 1676 figantur,
413 1621 571 1663 deinde
600 1622 757 1663 iterum
787 1621 877 1663 luto
900 1621 1076 1662 inducto
1099 1622 1135 1661 si
1166 1622 1330 1677 priores
1362 1621 1687 1662 transversariis

169 1688 483 1731 harundinibus
515 1689 629 1731 fixae
660 1696 781 1743 sunt,
814 1688 1028 1730 secundae
1050 1689 1201 1730 erectis
1233 1688 1420 1744 figantur
1441 1695 1481 1729 et
1512 1689 1592 1742 ita,
1625 1689 1688 1729 uti

171 1771 301 1812 supra
322 1757 530 1813 scriptum
563 1763 647 1810 est,
680 1757 932 1798 harenatum
955 1763 995 1798 et
1026 1771 1214 1798 marmor
1235 1762 1275 1797 et
1306 1770 1430 1797 omne
1460 1756 1686 1797 tectorium

169 1824 411 1866 inducatur.
443 1826 531 1873 <ita
562 1839 793 1865 cannarum
824 1824 987 1880 duplex
1024 1825 1067 1865 in
1098 1823 1335 1879 parietibus
1373 1823 1686 1865 harundinibus

170 1893 431 1934 transversis
469 1892 555 1933 fixa
600 1893 866 1949 perpetuitas
904 1907 982 1933 nec
1021 1892 1215 1947 segmina
1251 1906 1330 1932 nec
1365 1893 1519 1933 rimam
1555 1891 1686 1932 ullam

170 1960 263 2003 fieri
293 1961 494 2017 patietur.

1716 952 1756 983 10

1715 1292 1756 1323 15

1711 1969 1754 2000 25

285 2027 456 2080 Quibus
478 2028 719 2070 rationibus
742 2030 868 2071 siccis
900 2028 1004 2069 locis
1036 2028 1216 2069 tectoria
1238 2033 1433 2084 oporteat
1463 2027 1555 2068 fieri
1576 2027 1685 2081 dixi,
1704 2036 1754 2068 IV

168 2110 282 2137 nunc
314 2096 673 2152 quemadmodum
709 2096 869 2138 umidis
907 2095 1011 2138 locis
1050 2095 1278 2152 politiones
1318 2095 1604 2152 expediantur
1640 2102 1689 2137 ut

169 2177 419 2219 permanere
449 2165 616 2220 possint
647 2165 740 2205 sine
769 2164 905 2218 vitiis,
939 2178 1164 2219 exponam.
1225 2170 1266 2205 et
1304 2163 1488 2220 primum
1520 2163 1686 2204 concla-

261 2313 278 2343 1
304 2311 424 2344 reddit
449 2313 519 2346 ed.:
553 2311 676 2344 redd&
702 2312 740 2343 H
766 2311 884 2353 (Lcle),
917 2311 1046 2344 reddet
1072 2312 1099 2344 G
1126 2311 1174 2353 (l).
1207 2310 1222 2354 Η
1254 2314 1272 2343 ‘2
1299 2312 1454 2344 materia
1488 2312 1530 2343 G:
1563 2322 1623 2344 om.
1650 2313 1686 2344 ll

171 2367 248 2408 (Llc
274 2365 351 2409 [f]).
383 2365 398 2410 [Ι
428 2369 449 2399 4
473 2367 662 2400 soliditate
691 2368 758 2400 GH
782 2368 835 2408 (le,
862 2368 1045 2400 solidatae
1072 2367 1128 2409 L).
1161 2366 1176 2410 Η
1208 2368 1444 2411 politionibus
1474 2369 1500 2399 G
1526 2367 1599 2409 (l⁶):
1626 2379 1686 2410 po-

168 2423 369 2455 lutionibus
395 2423 456 2465 (ex
479 2423 748 2467 pollitionibus)
779 2425 818 2455 II
839 2423 970 2465 (Llclz).
999 2422 1014 2466 11
1046 2426 1065 2456 5
1091 2427 1190 2458 sunt:
1223 2426 1271 2456 sic
1305 2425 1372 2457 Gll
1403 2423 1506 2464 (fiunt
1536 2423 1638 2464 Joc.).
1669 2418 1682 2465 Η

170 2480 190 2511 8
218 2478 399 2511 collocato
427 2480 493 2511 GH
517 2479 596 2521 (L):
624 2492 685 2513 om.
711 2483 751 2513 le.
777 2479 791 2523 ΙΙ
813 2482 832 2512 9
859 2481 982 2522 pisunt
1007 2491 1084 2522 eyo:
1111 2481 1235 2522 pisant
1263 2482 1328 2513 Gll
1347 2480 1451 2521 (Llc).
1477 2478 1492 2522 {l
1517 2481 1556 2511 10
1581 2480 1684 2511 item-

172 2545 236 2576 que
261 2545 339 2576 eyo:
366 2535 491 2577 itaque
519 2537 595 2568 GH.
629 2535 644 2579 Η
677 2538 717 2568 14
743 2537 915 2569 facienda
935 2537 1001 2568 GH
1026 2536 1123 2577 (Lch,
1150 2537 1326 2569 faciunda
1351 2537 1386 2577 l).
1410 2534 1424 2579 Η
1450 2538 1488 2568 17
1516 2540 1686 2568 arescunt

169 2592 260 2624 Joc.:
289 2594 458 2623 arescent
478 2592 554 2625 GH.
581 2590 598 2636 ss
624 2595 664 2625 21
692 2593 971 2625 harundinibus:
997 2594 1045 2625 sic
1072 2594 1110 2634 G,
1136 2593 1383 2635 harunjdibus
1409 2594 1449 2623 ll
1470 2591 1526 2634 (L,
1554 2593 1685 2624 harun-

172 2648 316 2680 dinibus
340 2647 402 2689 lc),
433 2649 497 2680 sed
518 2660 548 2682 v.
575 2651 622 2681 23
649 2649 913 2682 harundinibus
938 2654 1077 2691 uterque
1109 2650 1310 2690 (ordinibus
1335 2650 1510 2691 utrobique
1534 2649 1637 2689 .loe.).
1667 2646 1682 2689 ΙΙ

172 2707 208 2735 et
231 2704 284 2736 ita
308 2704 362 2735 uti
390 2704 432 2736 G:
460 2707 496 2736 et
519 2705 572 2736 uti
599 2706 635 2737 Il
659 2706 763 2747 (Llc).
796 2704 811 2748 Η
842 2708 885 2737 24
910 2706 1073 2747 segmina
1098 2707 1189 2741 Joc.:
1217 2707 1372 2738 tecmina
1400 2707 1435 2742 G.
1463 2705 1623 2746 tegmina
1652 2706 1685 2736 H

174 2759 276 2800 (Llc).
307 2757 322 2802 ΙΙ
360 2761 402 2792 25
429 2765 509 2802 post
539 2761 702 2802 patietur
733 2764 766 2794 in
796 2764 903 2804 ipsum
933 2761 1013 2794 libri
1043 2763 1071 2794 G
1100 2767 1227 2795 textum
1259 2764 1385 2794 inserta
1416 2764 1569 2803 leyuntm·
1600 2772 1684 2803 qnae

172 2816 327 2848 rubricae
351 2818 426 2848 olim
447 2817 587 2857 fuerant
610 2818 712 2850 verba
728 2818 825 2850 haec:
853 2817 1038 2857 Quomodo
1056 2820 1213 2852 tectoria
1238 2820 1273 2850 in
1299 2817 1453 2849 humidis
1471 2817 1561 2849 locis
1586 2817 1683 2851 fiant.

173 2869 328 2912 (Quibus
354 2873 560 2905 rationibus
584 2874 677 2914 eta).
725 2885 766 2906 ea
790 2874 907 2905 absunt
932 2874 973 2906 ab
998 2875 1036 2906 H
1060 2874 1163 2916 (Leo).
1197 2873 1212 2916 Η
1243 2875 1285 2905 27
1310 2874 1506 2915 politiones
1540 2873 1583 2905 G:
1621 2883 1683 2916 po-

172 2927 329 2960 lutiones
355 2929 391 2959 H
416 2929 492 2968 (Llc
517 2935 550 2962 et
573 2934 652 2962 ante
677 2940 765 2963 corr.
791 2929 836 2970 Ιι).
884 2930 931 2966 cf.
956 2941 1062 2973 supra
1086 2943 1114 2963 υ.
1142 2933 1172 2962 4.
