1899 3322
598 241 660 269 DE
691 238 1043 269 AchiTEcrrRA
1077 239 1167 268 LIB.
1200 239 1279 268 vn.
1620 226 1690 267 171

181 352 324 387 cetera
345 343 487 386 omnia
516 342 580 384 uti
611 356 740 398 supra
771 341 931 397 scripta
953 347 1052 382 sunt
1083 341 1127 382 in
1156 341 1435 382 tectoriorum
1458 339 1696 381 rationibus

182 412 472 470 perficiantur.

294 479 387 536 Ipsi
424 485 565 520 autem
603 476 883 534 politionibus
915 490 1061 517 eorum
1092 482 1265 517 ornatus
1304 476 1498 533 proprias
1538 475 1696 516 debent

180 548 340 590 habero
381 547 547 587 decoris
585 545 795 597 rationes,
836 545 900 586 uti
938 550 979 585 et
1020 558 1075 584 ex
1112 543 1217 585 locis
1255 551 1377 600 aptas
1416 550 1455 584 ct
1493 558 1698 598 generum

181 614 507 656 discriminibus
527 629 614 656 non
634 611 795 653 alienas
816 611 1004 653 habeant
1025 611 1274 666 dignitates.
1325 610 1527 652 tricliniis
1558 611 1697 652 hiber-

180 684 248 724 nis
278 697 364 724 non
395 688 459 723 est
488 681 606 723 utilis
638 681 946 736 compositione
968 694 1046 720 nec
1067 678 1432 735 megalographia,
1465 693 1543 719 nec
1564 694 1697 719 came-

180 765 324 792 rarum
354 749 576 791 coronalio
607 762 736 804 opeie
766 747 937 789 subtilis
969 753 1165 800 omatus,
1206 746 1319 802 quod
1352 761 1398 786 61
1431 753 1471 787 et
1501 746 1555 787 ab
1587 747 1698 801 ignis

181 818 299 860 fumo
338 823 380 858 et
417 818 472 858 ab
511 815 720 857 luminum
757 814 920 856 mebris
961 814 1215 870 fuliginibus
1255 820 1597 870 cor.rumpuntui
1657 814 1700 855 in

182 886 250 927 his
282 900 385 926 velo
417 899 546 940 supla
583 883 714 940 podia
743 883 867 924 abaci
899 897 954 923 ex
983 889 1220 924 atiamento
1252 888 1353 923 sunt
1391 881 1623 936 subigendi
1660 888 1701 923 et

183 952 389 1010 poliendi,
423 953 568 993 cuneis
601 951 771 993 silaceis
804 965 879 992 seu
909 951 1130 992 miniaceis
1161 950 1442 1006 interpositis.

297 1019 529 1076 Explicata
568 1034 735 1061 camera
772 1034 879 1075 pura
918 1025 958 1059 et
997 1018 1151 1074 polita,
1190 1019 1317 1059 etiam
1356 1018 1700 1075 pavimentorum

184 1104 269 1130 non
301 1089 382 1130 erit
413 1087 672 1144 displicens,
716 1087 753 1128 si
785 1087 858 1143 qui
895 1086 1239 1128 animadvertere
1270 1085 1476 1140 volucrit,
1516 1086 1701 1128 Graeco-

182 1172 279 1198 rum
316 1156 372 1197 ad
410 1154 786 1198 hibernaculorum
824 1170 949 1196 usum
985 1155 1161 1195 minime
1200 1160 1473 1210 sumptuosus
1506 1161 1546 1196 et
1582 1154 1700 1195 utilis

183 1231 431 1282 apparatus
499 1222 662 1265 foditur
695 1223 809 1263 enim
846 1222 960 1263 infra
998 1221 1301 1263 libramentum
1338 1221 1518 1263 triclinii
1555 1221 1699 1263 altitu-

159 1292 285 1333 .dine
324 1292 495 1333 circiter
532 1291 691 1347 pedum
728 1291 900 1344 binum,
940 1296 982 1331 et
1011 1288 1101 1331 solo
1131 1289 1341 1331 festucato
1380 1290 1600 1331 inducitur
1628 1296 1702 1331 aut

184 1360 318 1402 rudus
349 1366 423 1401 aut
451 1364 689 1400 testaceum
720 1359 1016 1415 pavimentum
1047 1358 1107 1399 ita
1138 1357 1390 1412 fastigatum
1410 1363 1457 1399 ut
1488 1358 1533 1398 in
1564 1357 1703 1399 canali

185 1427 340 1469 habeat
371 1441 509 1468 nares.
569 1426 726 1468 deinde
757 1427 974 1481 congestis
1007 1432 1048 1467 et
1079 1427 1217 1481 spisse
1238 1425 1410 1466 calcatis
1443 1425 1702 1467 carbonibus

185 1495 406 1537 inducitur
435 1510 457 1535 e
495 1493 702 1536 sabulone
734 1501 775 1536 et
806 1493 921 1535 calce
957 1499 998 1534 et
1029 1493 1181 1534 favilla
1209 1493 1346 1534 mixta
1367 1494 1564 1535 materies
1589 1508 1700 1534 cras-

185 1562 375 1605 situdine
412 1561 677 1618 semipedali.
743 1561 800 1603 ad
836 1560 1029 1617 regulam
1069 1567 1110 1602 et
1148 1560 1339 1602 libellam
1370 1576 1533 1602 summo
1573 1561 1699 1602 libra-

186 1638 328 1673 mento
360 1636 454 1672 cote
485 1629 738 1687 despumato
769 1629 968 1672 redditur
989 1629 1155 1685 species
1185 1630 1301 1684 nigri
1332 1630 1582 1684 pavimenti.
1642 1630 1702 1670 ita
1728 1658 1735 1664 -

187 1698 402 1740 conviviis
426 1712 570 1739 eorum
593 1705 634 1740 et
657 1698 771 1754 quod
801 1696 967 1753 poculis
992 1703 1032 1737 ct
1054 1697 1300 1753 pytismatis
1323 1696 1555 1737 effunditur
1577 1696 1704 1738 simul

188 1766 304 1808 cadit
325 1765 621 1821 siccescitque,
645 1765 804 1821 quique
826 1770 1055 1806 versantur
1076 1764 1138 1805 ibi
1159 1765 1451 1805 ministrantes
1475 1765 1555 1806 etsi
1575 1764 1703 1805 nudis

186 1833 371 1891 pedibus
410 1832 591 1888 fuerint,
631 1847 716 1875 non
746 1833 961 1890 recipiunt
999 1831 1137 1888 frigus
1170 1832 1224 1873 ab
1264 1833 1354 1888 cius
1394 1831 1511 1874 modi
1547 1846 1704 1888 genero

186 1901 438 1957 pavimenti.

279 2040 295 2070 1
322 2039 554 2070 tectoriorum
570 2039 662 2071 Joc.:
689 2039 843 2071 tectorio
864 2038 943 2070 GH.
965 2035 979 2080 Η
1002 2038 1021 2069 2
1039 2037 1276 2080 perficiantur
1293 2038 1364 2070 ed.:
1391 2038 1580 2070 —ciuntur
1596 2039 1671 2071 GH.
1689 2036 1704 2080 Η

187 2097 207 2127 3
234 2094 471 2136 politionibus
492 2119 499 2126 .
518 2121 525 2128 .
541 2119 550 2127 .
569 2095 734 2137 proprios
752 2120 760 2128 .
777 2120 784 2126 .
798 2120 807 2129 .
824 2094 1016 2126 addecoris
1036 2094 1103 2125 GH
1121 2093 1225 2137 (corr.
1240 2093 1322 2135 θῶ).
1345 2091 1361 2137 Η
1381 2095 1402 2126 4
1420 2097 1457 2126 et
1472 2105 1515 2127 ex
1532 2094 1638 2126 locis:
1657 2096 1706 2126 sie

190 2152 267 2183 GH.
297 2149 313 2194 Η
345 2154 452 2193 aptas
480 2155 516 2184 et
550 2152 576 2183 G
608 2149 689 2193 (L):
732 2149 868 2193 aptas&
892 2150 976 2191 (cum
999 2151 1106 2191 θεν)
1133 2151 1170 2182 H
1201 2149 1303 2191 (uncle
1328 2154 1475 2193 aptaret
1504 2154 1534 2183 lc
1564 2157 1597 2183 et
1627 2157 1704 2184 ante

186 2218 277 2240 corr.
304 2208 334 2243 Ιι,
361 2210 450 2249 apta
475 2210 513 2239 et
536 2208 601 2248 hc)
636 2205 651 2250 Η
688 2209 708 2238 6
732 2207 1015 2249 compositione.
1046 2209 1094 2239 sic
1128 2208 1205 2239 GH.
1238 2206 1252 2250 Η
1284 2207 1582 2250 megalographia
1611 2208 1702 2240 doc-‚2

189 2263 307 2302 melofr
286 2263 440 2305 ,graphia
469 2263 533 2294 GH
558 2264 616 2302 (L,
643 2263 825 2304 melophia
850 2261 1071 2306 lc[[vs]).)}18
1098 2263 1315 2306 fuliginibus
1334 2263 1473 2305 H(Ll):
1501 2264 1705 2304 fulginibus

191 2321 218 2352 G
243 2318 291 2360 (et
315 2324 392 2351 ante
417 2329 508 2353 corr.
532 2320 578 2360 c).
610 2317 625 2362 Η
657 2321 677 2352 9
703 2320 857 2351 extram
855 2323 904 2359 to
930 2325 1007 2351 ante
1032 2330 1124 2352 corr.
1151 2321 1197 2352 H.
1232 2318 1246 2363 Η
1280 2322 1320 2353 10
1344 2320 1492 2352 silaceis
1516 2320 1705 2353 Joc.:si1-

189 2376 263 2408 ceis
291 2376 330 2414 G,
356 2375 502 2408 sileoeis
528 2376 564 2407 H
589 2374 614 2416 (l
639 2381 671 2407 et
695 2380 772 2407 ante
797 2386 887 2408 corr.
916 2386 951 2415 c,
985 2375 1125 2408 siliceis
1155 2377 1196 2414 L,
1230 2376 1360 2409 siliciis
1385 2376 1467 2416 ecla).
1499 2373 1513 2418 Η
1551 2385 1590 2407 se
1617 2377 1702 2407 omi—

189 2432 330 2464 niaoeis
356 2433 393 2464 H
418 2431 691 2473 (seominiaceis
715 2436 793 2463 ante
827 2443 916 2464 eor-r.
942 2431 988 2472 c).
1022 2430 1036 2474 Η
1071 2433 1109 2464 11
1142 2432 1337 2474 Explicata
1370 2442 1515 2465 camera
1548 2442 1638 2473 pura
1669 2435 1705 2463 et

190 2488 303 2530 polita
328 2488 446 2520 Solam:
476 2488 684 2530 explicatae
709 2498 850 2520 camere
869 2498 981 2530 purae
1000 2488 1140 2530 politae
1159 2489 1204 2527 H,
1233 2489 1415 2531 explicate
1433 2498 1575 2530 camere
1600 2498 1704 2529 purc-

191 2543 299 2586 polite·
329 2544 366 2578 G.
398 2542 413 2586 Η
446 2546 486 2576 12
511 2545 542 2576 si
574 2545 652 2586 qui:
688 2546 736 2576 eie
764 2544 840 2577 GH.
873 2541 888 2585 Η
920 2546 960 2576 13
991 2544 1093 2576 utilis
1125 2554 1208 2587 app.
1239 2546 1356 2577 Solem:
1399 2543 1498 2575 utilis
1531 2547 1587 2575 cst
1618 2554 1701 2585 app.

192 2600 268 2632 Gll.
301 2597 316 2642 Η
348 2601 390 2632 14
414 2601 512 2632 infra
537 2601 656 2633 Solem:
683 2601 782 2632 intra
809 2601 885 2633 GH
919 2598 933 2641 Η
965 2600 1120 2632 tiiclinii
1140 2602 1184 2639 G,
1210 2601 1350 2633 tiiclini
1376 2601 1412 2632 ll
1438 2599 1542 2641 (Lle).
1574 2597 1588 2642 Η
1622 2600 1702 2631 alti-

190 2656 318 2688 tudine
341 2666 419 2698 eqo:
447 2656 602 2690 altitudo
630 2658 708 2690 Gll
738 2655 754 2700 Η
788 2659 828 2688 15
852 2657 1054 2689 festucato:
1084 2658 1133 2690 sie
1161 2657 1237 2692 GH
1270 2656 1285 2700 Η
1318 2659 1357 2688 16
1392 2657 1609 2696 tastigatum
1637 2656 1703 2688 GH

192 2713 245 2752 (lc,
272 2713 500 2754 fastigiatum
525 2713 582 2753 L).
614 2711 629 2755 Η
659 2714 843 2746 111611111115
867 2717 945 2745 ante
970 2723 1059 2747 cor-‚1
1089 2714 1126 2747 G.
1165 2711 1180 2756 Η
1219 2716 1257 2745 17
1285 2713 1420 2745 habeat
1444 2713 1513 2745 ecl:
1541 2712 1702 2744 habeant

193 2768 269 2800 Gll
307 2766 321 2811 Η
361 2770 402 2801 18
433 2769 631 2802 esabulone
665 2769 709 2802 G:
754 2773 790 2802 et
819 2768 993 2801 sabulone
1026 2770 1062 2800 Il
1093 2768 1198 2812 (Llc).
1234 2768 1248 2811 Η
1284 2771 1324 2800 19
1355 2768 1516 2800 libellam
1546 2778 1698 2801 summo:

190 2825 239 2855 sic
266 2826 330 2856 GH
356 2825 414 2866 (cf.
439 2825 550 2866 epit)
573 2822 588 2867 Η
610 2827 650 2858 21
677 2825 884 2867 pytismatis
908 2825 1010 2859 Salm.
1027 2824 1182 2867 (Voss.):
1209 2825 1435 2867 sputismatis
1463 2825 1540 2856 Gll.
1557 2823 1572 2867 Η
1590 2825 1700 2856 effun-

192 2879 288 2911 ditur
311 2881 402 2913 Joc.:
428 2880 579 2913 —detur
605 2882 680 2914 GH.
714 2880 728 2924 Η
759 2883 801 2913 22
827 2881 996 2914 siccescit
1020 2881 1059 2914 II
1083 2881 1159 2925 (lc):
1187 2881 1354 2914 siccessit
1374 2882 1400 2912 G
1419 2879 1492 2922 (L).
1526 2880 1540 2924 Η
1571 2883 1614 2914 24
1638 2891 1702 2924 pa·

192 2936 350 2969 vimento
375 2941 452 2968 ante
477 2948 569 2972 corr.
597 2938 633 2970 G.

1725 621 1745 652 0‘1

1730 962 1768 992 lo
