1899 3322
602 201 663 231 DE
696 200 1051 232 ARCHITECTURA
1085 203 1175 232 Llss.
1211 204 1274 233 ix.
1612 195 1694 235 213

173 304 464 346 doctrinarum
496 301 764 344 abundantia
796 303 1027 356 satiantur,
1068 305 1253 361 optimos
1285 305 1491 347 habentes
1525 308 1691 363 sapien-

174 372 258 413 tiae
300 386 451 412 sensus
490 371 722 412 instituunt
761 370 1013 412 civitatibus
1059 372 1336 414 humanitatis
1382 389 1519 415 mores
1557 389 1694 430 aequa

173 441 267 482 iura
298 439 436 494 leges,
470 438 626 494 quibus
657 437 910 479 absentibus
942 438 1061 480 nulla
1092 446 1233 496 potest
1265 455 1358 482 esse
1390 443 1545 483 civitas
1578 443 1692 484 inco-

129 516 145 528 ⁰
173 508 313 549 lumis.
375 521 471 547 eum
503 520 604 561 ergo
635 512 754 546 tanta
784 520 962 547 munera
983 507 1037 548 ab
1060 508 1316 564 scriptorum
1347 509 1578 565 prudentia
1609 511 1692 566 pri-

173 576 309 617 vatim
346 574 604 632 publiceque
642 573 803 615 fuerint
842 574 1087 616 hominibus
1127 583 1401 631 praeparata,
1441 592 1524 619 non
1556 577 1694 619 solnm

171 644 357 685 arbitror
400 641 563 699 palmas
611 648 652 683 et
697 656 873 682 coronas
921 641 988 683 his
1035 642 1169 683 tribui
1209 650 1403 699 oportere
1442 644 1518 685 sed
1565 647 1694 686 etiam

173 711 346 752 decerni
391 709 632 767 triumphos
673 715 713 751 et
758 710 869 751 inter
913 709 1088 752 deorum
1139 710 1261 751 sedes
1308 726 1379 753 eos
1428 712 1692 755 dedicandos

172 779 370 821 iudicari.

286 847 448 888 Eorum
480 851 624 887 autem
656 846 846 900 cogitata
876 845 1042 887 utiliter
1079 846 1325 888 hominibus
1358 847 1413 887 ad
1454 849 1588 888 vitam
1620 863 1692 889 ex-

172 914 417 973 plicandam
450 928 471 954 e
502 913 698 970 pluribus
730 913 902 969 singula
933 929 1166 970 paucorum
1197 916 1261 956 1111
1293 915 1490 972 exempla
1521 931 1691 971 ponam,

173 998 282 1041 quae
320 988 676 1037 recognoscentes
716 983 958 1023 necessario
998 982 1062 1023 his
1103 983 1235 1024 tribui
1275 983 1457 1025 honores
1497 990 1693 1040 oportere

127 1076 133 1082 =
172 1052 364 1093 homines
403 1049 734 1092 confitebuntur.
803 1056 844 1090 et
882 1050 1069 1106 primum
1100 1050 1293 1092 Platonis
1326 1066 1348 1091 e
1378 1050 1524 1092 multis
1564 1053 1692 1094 ratio-

132 1163 136 1166 ,
171 1118 461 1161 cinationibus
493 1117 736 1159 utilissimis
768 1132 898 1158 unam
931 1118 1292 1174 quemadmodum
1323 1119 1377 1160 ab
1407 1134 1455 1161 eo
1478 1119 1692 1175 explicata

172 1189 227 1229 sit
258 1201 428 1244 ponam.
488 1185 604 1227 locus
637 1192 710 1226 aut
742 1200 844 1240 ager
874 1185 1049 1241 paribus
1088 1186 1295 1227 lateribus
1328 1187 1364 1227 si
1396 1188 1475 1227 erit
1508 1186 1690 1242 quadra-

172 1263 240 1297 tus
281 1268 463 1310 eumque
501 1254 739 1310 oportuerit
778 1253 1011 1309 duplicari,
1060 1254 1174 1310 quod
1222 1269 1326 1310 opus
1366 1254 1497 1295 fuerit
1535 1269 1692 1309 genere

170 1323 338 1364 numeri
369 1321 484 1378 quod
515 1320 947 1377 multiplicationibus
969 1337 1055 1364 non
1086 1322 1306 1362 invenitur
1317 1355 1328 1375 ,
1362 1336 1415 1362 ex
1438 1322 1692 1379 descriptio-

173 1391 299 1432 nibus
331 1389 543 1431 linearum
575 1389 813 1429 emendatis
845 1390 1071 1444 reperitur.
1124 1396 1187 1431 est
1219 1397 1361 1430 autem
1383 1390 1472 1430 eius
1495 1391 1557 1430 rei
1588 1390 1693 1431 haee

173 1458 497 1500 demonstratio.
549 1456 784 1513 quadratus
817 1456 935 1497 locus
959 1458 1137 1514 quierit
1168 1457 1320 1512 longus
1345 1464 1386 1498 et
1416 1457 1527 1498 latus
1559 1458 1691 1514 pedes

173 1527 305 1569 denos
339 1525 472 1566 efficit
502 1539 627 1565 areae
660 1525 789 1581 pedes
823 1536 860 1565 (³.
921 1526 957 1565 si
990 1540 1090 1580 ergo
1123 1540 1228 1581 opus
1260 1526 1391 1566 fuerit
1425 1540 1521 1566 611111
1552 1525 1691 1582 dupli-

173 1610 269 1636 care
301 1601 342 1636 et
374 1592 531 1651 pedum
564 1603 617 1634 CC
648 1594 750 1634 item
783 1607 804 1633 e
836 1593 1011 1648 paribus
1044 1592 1252 1634 lateribus
1284 1593 1446 1646 facere,
1487 1608 1691 1649 quaeren-

173 1665 276 1705 dum
307 1662 388 1704 erit
419 1676 547 1718 quam
577 1676 783 1715 magnum
813 1660 924 1701 latus
957 1662 1045 1701 eius
1077 1661 1278 1716 quadrati
1309 1661 1382 1702 fiat
1413 1668 1459 1702 ut
1492 1676 1545 1701 ex
1568 1675 1615 1702 eo
1638 1673 1690 1701 66

172 1731 303 1789 pedes
336 1728 703 1786 duplicationilms
734 1743 858 1769 areae
889 1728 1188 1784 respondeant.
1257 1728 1300 1768 id
1341 1734 1484 1769 autem
1516 1743 1692 1769 numero

172 1814 296 1841 1101110
330 1803 469 1854 potest
500 1796 708 1837 invenire.
769 1810 954 1852 namque
986 1797 1022 1836 si
1054 1808 1157 1836 X1111
1190 1796 1526 1848 constituentur,
1568 1803 1692 1837 erunt

130 1876 143 1893 ⁷
173 1865 449 1922 multiplicati
480 1864 611 1920 pedes
635 1875 786 1917 CXCVI,
819 1864 855 1904 si
878 1875 953 1916 xv,
987 1863 1116 1919 pedes
1140 1875 1305 1905 ccxxv.
1367 1878 1466 1918 ergo
1489 1864 1691 1919 quoniam

174 1935 218 1976 id
265 1949 350 1976 non
392 1931 633 1989 explicatur
677 1945 881 1984 numero⁷
927 1932 971 1972 in
1011 1946 1058 1972 60
1098 1931 1306 1988 quadrato
1352 1930 1478 1985 longo
1519 1938 1558 1971 et
1605 1931 1690 1971 lato
1740 1948 1752 1977 ς

173 2002 303 2058 pedes
336 2013 366 2042 X
398 2015 507 2056 quae
545 1999 676 2041 fuerit
714 1998 826 2039 linea
859 1999 913 2039 ab
944 1998 1101 2054 angulo
1133 2000 1188 2039 ad
1228 1997 1434 2053 angulum
1466 1999 1690 2053 diagonios

173 2069 455 2127 perducatur,
495 2068 559 2108 uti
597 2067 852 2107 dividantur
882 2066 966 2107 duo
1006 2067 1177 2121 trigona
1207 2080 1345 2121 aequa
1376 2065 1690 2120 magnitudine,

173 2136 345 2192 singula
376 2150 498 2177 areae
531 2135 690 2192 pedum
722 2135 1073 2190 quinquagenum
1084 2167 1094 2187 ,
1134 2133 1189 2174 ad
1221 2134 1397 2189 eiusque
1429 2133 1568 2173 lineae
1599 2133 1689 2174 dia-

173 2204 340 2260 gonalis
379 2202 699 2258 longitudinem
736 2202 853 2243 locus
887 2201 1122 2257 quadratus
1165 2201 1342 2257 paribus
1375 2200 1583 2241 lateribus
1616 2201 1688 2241 de-

174 2272 401 2314 scribatur.
462 2271 523 2311 ita
554 2285 681 2326 quam
712 2283 868 2324 magna
898 2268 983 2309 duo
1015 2269 1185 2324 trigona
1216 2269 1260 2308 in
1290 2268 1454 2309 minore
1477 2268 1687 2323 quadrato

268 2459 282 2487 1
309 2455 488 2487 habentes
513 2463 589 2495 eyo:
626 2452 762 2484 hebent
786 2451 898 2483 ΕΘΗ.
933 2448 947 2494 ΙΙ
984 2453 1002 2482 2
1029 2451 1226 2484 instituunt
1252 2451 1482 2483 civitatibus:
1514 2451 1563 2481 sic
1590 2450 1691 2481 EGH

176 2513 455 2554 (instituuntque
480 2510 580 2549 .Ιοι·.).
613 2506 627 2550 [Ι
658 2508 896 2539 humanitatis
932 2507 1032 2539 EGH
1065 2507 1167 2548 (Lclc,
1200 2507 1383 2540 —tatibus
1409 2512 1485 2538 aule
1517 2517 1606 2537 corr.
1638 2507 1690 2546 LI,

176 2571 316 2600 -r-tates
341 2567 406 2607 elz).
436 2564 451 2608 11
488 2567 526 2597 15
551 2564 733 2606 duplicari
761 2564 837 2595 EG:
876 2574 958 2595 —re
991 2565 1026 2595 ll
1059 2562 1160 2606 (lde).
1200 2561 1214 2606 Η
1257 2565 1294 2594 1ίὶ
1328 2562 1419 2604 qnod
1446 2573 1487 2593 111.
1518 2562 1551 2592 ll
1578 2561 1688 2602 <La->2

177 2636 244 2666 qno
270 2635 314 2655 111.
340 2623 415 2656 EG.
449 2619 463 2665 ΙΙ
495 2632 538 2653 ex
564 2621 694 2653 Mac-la:
724 2631 765 2652 60
793 2620 904 2651 EGH.
933 2617 947 2662 Η
978 2621 1016 2652 17
1035 2620 1128 2652 haee
1154 2631 1212 2653 om.
1240 2622 1278 2651 lc.
1309 2617 1323 2661 11
1363 2621 1398 2649 1¹.)
1425 2617 1451 2648 C
1570 2618 1627 2657 (21)
1654 2621 1689 2649 ct

175 2681 231 2721 21)
258 2680 315 2712 CC
430 2683 461 2710 et
485 2679 518 2709 in
542 2688 615 2720 sqq.
643 2678 699 2717 (26
726 2676 774 2719 X)
802 2686 1009 2707 numerorum
1032 2677 1129 2717 siqua
1153 2681 1279 2717 ponunt
1310 2675 1421 2706 ΕΘΗ.
1454 2672 1468 2716 Η
1501 2674 1688 2715 duplicare

177 2735 280 2776 (λου.)
312 2738 346 2767 et
378 2734 430 2775 (et
456 2744 578 2766 aream
603 2732 692 2775 doe.)
726 2733 852 2775 pedum
887 2732 964 2763 CC:
1007 2732 1186 2774 duplicari
1218 2731 1310 2773 pedii
1339 2730 1420 2761 -00-
1449 2730 1556 2763 leals.
1596 2727 1611 2771 Η
1648 2731 1690 2761 2⁴»

177 2792 363 2834 eparibus:
404 2792 452 2823 sic
485 2790 596 2824 EGH.
633 2787 648 2831 11
686 2791 727 2820 22
761 2788 1006 2830 duplicatibus
1037 2790 1066 2820 lc
1098 2793 1129 2820 et
1161 2793 1237 2819 (mle
1261 2798 1349 2818 corr.
1385 2787 1414 2817 Ιι.
1447 2783 1461 2827 11
1494 2788 1535 2816 26
1567 2796 1633 2827 que
1667 2786 1690 2817 f.

179 2848 224 2878 E:
254 2847 347 2888 quod
381 2848 404 2878 f.
441 2847 515 2880 Gll.
549 2845 563 2889 ll
596 2845 787 2887 diagonios
823 2845 913 2876 ,Ιοικε
957 2844 1125 2885 ‹ling-onis
1166 2844 1273 2875 mill.
1305 2840 1318 2883 11
1357 2844 1399 2873 28
1432 2842 1690 2882 quinquagesi-

178 2913 271 2934 11111111
297 2905 326 2934 le
352 2901 414 2945 [f].

1721 928 1761 958 10

1720 1267 1760 1297 15

1720 1608 1736 1636 2
1741 1609 1760 1637 1)

1715 2284 1757 2314 30
