1909 3322
138 952 179 982 10

138 1957 156 1986 ιθ

161 1956 180 1986 <51

207 227 286 269 130
849 234 1058 267 virimvn

205 338 361 379 deinde
390 338 445 378 ad
476 339 613 392 ipsam
644 351 799 392 aquam
838 343 879 378 et
914 337 1048 378 latera
1085 338 1262 393 pulvino
1294 338 1467 379 circiter
1497 339 1714 395 sesquipe-
1739 349 1760 379 4

205 406 322 445 dales
365 405 580 459 margines
626 410 845 445 struantur
886 404 1146 460 aequilibres
1193 420 1245 445 ex
1283 405 1464 460 planitia
1508 420 1616 461 quae
1653 413 1717 447 est

204 487 333 527 supra
363 472 537 527 scripta,
569 477 672 513 tunc
702 471 957 528 proclinatio
989 487 1038 512 ea
1067 471 1297 528 impleatur
1326 472 1487 512 harena
1517 479 1559 513 et
1590 487 1714 514 exae-

204 546 356 595 quetur
387 554 483 580 cum
512 539 707 594 margine
738 545 779 580 et
809 538 990 594 planitia
1018 539 1202 595 pulvini.
1252 538 1408 579 deinde
1429 540 1604 596 insuper
1625 555 1716 581 eam

207 607 562 661 exaequationem
593 606 680 662 pila
719 621 844 662 quam
875 621 1032 661 magna
1063 607 1297 647 constituta
1327 606 1457 647 fuerit
1486 606 1548 648 ibi
1580 614 1715 648 strua—

202 680 292 727 tur,
333 688 466 729 eaque
506 688 602 714 cum
643 674 723 714 erit
764 680 981 726 extructa,
1022 672 1291 728 relinquatur
1331 688 1386 714 ne
1429 675 1570 715 minus
1611 675 1717 715 duos

203 756 370 782 menses
409 747 457 781 ut
501 741 721 781 siccescat.
789 748 892 781 tunc
938 747 1080 781 autem
1125 740 1371 793 succidatur
1414 756 1563 796 margo
1611 756 1718 797 quae

203 809 386 849 sustinet
423 807 640 849 harenam.
712 809 772 848 ita
810 808 969 847 harena
1013 807 1213 848 fluctibus
1260 807 1438 849 subruta
1477 808 1635 849 efficiet
1671 810 1717 849 in

202 890 318 915 mare
363 874 476 931 pilae
512 875 926 931 praecipitationem.
1002 876 1082 915 hac
1125 875 1291 915 ratione
1337 877 1718 931 quotienscumque

205 958 310 998 opus
343 942 487 995 fuerit,
520 944 564 983 in
594 957 748 997 aquam
778 943 936 997 poterit
968 956 1061 982 esse
1091 957 1359 997 progressus.

315 1009 368 1049 In
399 1010 554 1064 quibus
585 1016 729 1050 autem
759 1008 863 1049 locis
895 1008 1163 1064 pulvis·non
1192 1010 1402 1063 nascitur,
1445 1010 1511 1051 his
1543 1011 1718 1061 rationi—

204 1077 283 1117 bus
324 1077 404 1117 erit
440 1075 687 1117 faciendum
731 1077 796 1116 uti
835 1090 958 1116 arcae
1002 1075 1194 1131 duplices
1239 1076 1435 1132 religatis
1479 1077 1637 1119 tabulis
1678 1084 1719 1118 et

204 1146 366 1184 catenis
407 1142 646 1197 conligatae
684 1144 729 1183 in
767 1158 814 1184 eo
853 1143 944 1184 1000
984 1144 1057 1198 qui
1096 1143 1243 1184 finitus
1275 1145 1359 1185 erit
1391 1145 1716 1198 constituantur,

205 1218 246 1251 01
282 1212 395 1251 inter
435 1210 625 1250 destinas
667 1217 782 1251 creta
819 1212 864 1251 iu
902 1210 1102 1251 cronibus
1145 1224 1199 1250 ex
1238 1210 1338 1252 ulva
1376 1211 1560 1267 palustri
1591 1211 1717 1253 factis

205 1278 404 1319 calcetur.
458 1292 554 1318 cum
584 1279 645 1318 ita
676 1277 785 1317 bene
817 1276 1027 1318 calcatum
1059 1284 1099 1317 et
1131 1293 1258 1333 quam
1288 1278 1542 1319 densissime
1572 1279 1718 1331 fuerit,

202 1352 304 1386 tunc
335 1344 487 1385 cocleis
519 1345 625 1385 rotis
657 1346 877 1400 tympanis
917 1344 1149 1386 conlocatis
1188 1345 1305 1386 locus
1345 1346 1416 1400 qui
1448 1360 1496 1386 ea
1526 1347 1719 1402 septione

203 1413 349 1453 finitus
381 1412 511 1452 fuerit
551 1412 823 1453 exinaniatur
860 1413 1152 1467 sicceturque,
1195 1419 1235 1453 et
1266 1412 1328 1453 ibi
1358 1414 1471 1454 inter
1501 1414 1718 1468 scptiones

203 1479 482 1519 fundamenta
512 1478 746 1519 fodiantur.
808 1480 842 1519 si
874 1486 1044 1520 terrena
1084 1486 1229 1531 erunt,
1269 1495 1403 1534 usque
1440 1480 1495 1520 ad
1535 1479 1719 1521 solidum

206 1547 417 1587 crassiora
456 1560 583 1600 quam
621 1546 694 1600 qui
732 1561 876 1586 murus
916 1561 1045 1602 supra
1089 1546 1257 1587 futurus
1298 1547 1379 1587 erit
1417 1548 1719 1587 exinaniantur

205 1614 517 1668 siccenturque,
551 1619 592 1653 et
622 1619 724 1653 tunc
755 1619 969 1653 structura
1001 1628 1055 1653 ex
1086 1615 1318 1654 caementis
1350 1613 1466 1654 calce
1498 1620 1538 1654 01
1559 1614 1719 1654 harena

205 1678 510 1735 cmnpleantur.
571 1680 639 1719 sin
681 1686 825 1720 autem
870 1679 1010 1721 mollis
1056 1679 1172 1721 locus
1221 1681 1321 1733 erit,
1376 1680 1484 1736 palis
1530 1680 1716 1722 ustilatis
1744 1691 1762 1719 6

203 1747 338 1787 alneis
377 1753 449 1787 aut
491 1746 726 1801 oleagineis
774 1747 1012 1801 configatur
1056 1754 1097 1788 et
1136 1747 1392 1788 carbonibus
1441 1747 1718 1803 compleatur,

205 1813 565 1869 quemadmodum
618 1814 663 1853 111
715 1814 978 1855 theatrorum
1024 1821 1065 1854 et
1116 1815 1227 1855 muri
1272 1814 1599 1856 fundationibus
1655 1823 1719 1857 est

205 1882 426 1936 scriptum.
485 1880 641 1920 deinde
662 1887 764 1921 tunc
785 1881 992 1935 quadrato
1015 1896 1119 1922 saxo
1141 1897 1285 1923 murus
1308 1882 1489 1923 ducatur
1509 1883 1718 1924 iuncturis

207 1962 332 2002 quam
363 1946 638 2001 longissimis,
670 1949 732 1988 uti
762 1949 948 1989 maxime
979 1948 1112 1989 medii
1140 1948 1305 2004 lapides
1335 1951 1598 2003 coagmentis
1621 1965 1716 1991 con-

204 2016 435 2055 tineantur.
485 2020 587 2053 tunc
618 2015 690 2068 qui
722 2014 838 2055 locus
871 2016 950 2055 erit
983 2016 1094 2056 inter
1124 2030 1291 2057 murum
1320 2016 1595 2057 ruderatione
1625 2017 1719 2057 sive

205 2087 417 2122 structura
467 2079 741 2135 compleatur.
827 2082 887 2122 ita
937 2083 1016 2122 erit
1067 2083 1129 2123 uti
1179 2085 1315 2138 possit
1364 2083 1494 2124 turris
1544 2085 1718 2139 insuper

204 2147 437 2187 aedificari.

317 2214 398 2255 His
440 2214 643 2269 perfectis
683 2214 952 2256 navaliorum
991 2231 1039 2256 ca
1070 2217 1150 2257 crit
1187 2217 1296 2258 ratio
1326 2223 1374 2258 ut
1405 2218 1718 2259 constituantur
1743 2227 1759 2258 7

1744 1020 1763 1051 01

300 2330 311 2358 l
348 2328 514 2369 abipsam
545 2332 622 2358 ante
659 2339 748 2359 corr.
783 2329 819 2359 G.
853 2326 867 2370 Η
906 2321 964 2372 {es
997 2330 1056 2370 qui
1086 2329 1235 2370 pedales
1268 2331 1322 2361 GC.
1363 2328 1377 2372 Η
1412 2332 1432 2361 2
1459 2330 1548 2371 (item
1572 2330 1607 2371 4)
1638 2331 1715 2372 pla-

205 2385 296 2414 nitia
325 2383 390 2414 GH
415 2382 521 2423 (Lle).
547 2379 562 2424 Η
593 2385 612 2414 3
638 2383 862 2425 exequentur
887 2384 946 2420 GC,
975 2385 1161 2426 exequa(ae
1180 2384 1309 2425 ll⁶)tur
1332 2386 1371 2416 ll
1400 2387 1638 2428 (exaequetur
1661 2387 1716 2427 LI,

207 2461 266 2481 om.
293 2450 357 2490 cle).
385 2447 399 2491 Η
421 2450 440 2480 6
465 2450 718 2489 relinquantur
741 2455 818 2481 ante
843 2461 933 2485 corr.
962 2452 988 2483 G
1007 2451 1052 2492 (et
1069 2451 1115 2493 c),
1146 2450 1160 2494 Η
1191 2454 1209 2483 7
1236 2452 1369 2483 mensis
1394 2453 1440 2483 H.
1471 2450 1486 2495 Η
1519 2447 1717 2493 siccidatur

209 2518 262 2547 GC.
286 2514 300 2557 Η
325 2517 345 2548 8
370 2508 504 2559 11ᾅ101111
532 2516 588 2547 [ι’θ.
612 2514 627 2558 Η
654 2518 673 2547 9
698 2516 772 2558 Pil‘}
790 2528 849 2549 om.
871 2518 898 2548 G
916 2516 1039 2559 (suppl.
1060 2516 1131 2559 Ge),
1159 2515 1173 2559 Η
1207 2519 1246 2549 12
1271 2518 1439 2559 religatis
1456 2519 1558 2551 Lora:
1585 2520 1714 2551 relatis

209 2572 284 2603 GH.
315 2567 329 2613 Η
365 2573 405 2603 14
428 2571 655 2603 ineronibus:
681 2573 729 2603 sic
749 2572 813 2603 GH
832 2571 933 2612 (Lle).
969 2570 984 2615 Η
1013 2572 1165 2614 plaustri
1193 2574 1229 2605 G.
1263 2570 1278 2616 Η
1310 2575 1349 2604 16
1376 2574 1510 2606 cocleis
1538 2575 1564 2606 G
1591 2574 1714 2616 (Hele),

209 2627 355 2658 cloeleis
380 2631 457 2658 ante
481 2638 570 2659 corr.
588 2628 624 2657 II
651 2627 722 2666 (L).
746 2625 759 2668 Η
785 2628 824 2659 18
840 2631 961 2659 terrea
979 2629 1055 2660 mite
1073 2639 1162 2660 corr.
1185 2631 1222 2662 G.
1247 2627 1262 2670 Η
1285 2631 1324 2661 19
1343 2630 1574 2661 exinaniatur
1599 2630 1713 2662 sicce-

209 2685 335 2723 turque
365 2683 441 2715 GH.
479 2684 632 2714 cor-remit
657 2683 748 2713 Mar.
775 2680 789 2724 Η
811 2685 852 2715 ‘20
878 2688 963 2714 tunc
988 2684 1024 2714 H
1050 2683 1157 2725 (Lle):
1185 2694 1280 2715 nunc
1308 2685 1344 2716 G.
1366 2682 1380 2726 Η
1406 2687 1446 2716 21
1467 2684 1715 2726 compleantur

208 2742 284 2768 ante
315 2748 403 2771 corr.
438 2738 465 2769 G
492 2737 539 2778 (ec
564 2737 604 2779 l):
639 2737 862 2778 compleatur
892 2740 927 2769 H
952 2738 1121 2780 (GGLIsc).
1155 2737 1170 2781 Η
1200 2739 1268 2770 erit
1291 2741 1328 2770 Il
1354 2738 1464 2779 (Lle):
1490 2740 1601 2771 fuerit
1630 2740 1668 2771 G.
1695 2738 1710 2781 Η

208 2792 384 2823 ustilatis:
422 2795 469 2824 sic
503 2794 578 2826 Gll.
613 2790 627 2834 Η
658 2794 700 2823 2⁴2
726 2792 925 2834 conligatur
950 2795 1020 2826 etl-2
1047 2797 1223 2835 —gantur
1248 2795 1323 2825 GH.
1350 2792 1365 2835 Η
1397 2795 1621 2836 compleatur
1639 2796 1712 2828 ed.:

208 2851 378 2878 —cantur
398 2849 473 2880 GH.
498 2846 513 2889 Η
539 2849 581 2879 26
599 2847 829 2902 ruderatione
857 2847 892 2888 (i.
918 2860 947 2880 e.
974 2849 1060 2880 rude
1085 2848 1239 2890 ratione)
1269 2850 1323 2881 Gc.
1353 2846 1368 2891 Η
1401 2851 1443 2881 29
1468 2849 1711 2882 navaliorum:

205 2902 254 2931 Sit:
281 2902 356 2935 Gll.
