1899 3322
565 249 627 279 DE
657 248 1012 279 ARCHITECTURA
1046 248 1137 277 Lm.
1170 248 1218 277 11.
1593 233 1648 274 43

129 354 336 411 spongiae
367 351 482 409 quod
511 350 613 392 inde
651 351 855 391 eximitur
884 365 971 391 non
1000 351 1045 390 in
1076 349 1274 391 omnibus
1306 348 1410 390 locis
1441 347 1649 399 nascitur,

130 423 215 463 nisi
246 422 409 462 circum
438 420 626 461 Aetnam
665 424 707 459 et
745 417 926 460 collibus
957 417 1128 473 Mysiae
1160 431 1268 472 quae
1299 432 1324 457 a
1355 415 1535 457 Graecis
1567 429 1652 455 κα-

131 504 440 543 τακεκαυμενη
471 488 718 530 nominatur
749 492 791 529 et
821 486 856 526 si
890 499 999 540 quae
1037 483 1230 524 eiusdem
1261 483 1378 525 modi
1410 490 1509 524 sunt
1539 481 1649 524 loco-

130 573 226 600 rum
270 557 571 614 proprietates.
649 555 686 596 si
732 568 833 609 ergo
878 554 923 594 in
961 552 1026 593 his
1058 551 1163 592 locis
1194 566 1403 606 aquarum
1433 551 1652 592 ferventes

131 626 414 667 inveniuntur
451 623 593 665 fontes
641 629 682 664 et
719 623 765 663 in
794 617 993 662 omnibus
1034 619 1255 659 excavatis
1294 618 1423 660 calidi
1455 632 1652 674 vapores,
1679 627 1698 655 5

130 695 311 749 ipsaque
349 691 441 733 loca
477 690 532 731 ab
570 690 760 745 antiquis
799 693 1090 729 memorantur
1128 692 1415 741 pervagantes
1454 687 1499 726 in
1536 686 1652 739 agris

130 761 334 802 habuisse
371 758 569 811 ardores,
610 757 786 799 videtur
824 770 918 797 esse
956 760 1121 796 eertum
1151 753 1206 794 ab
1238 754 1351 808 ignis
1384 752 1655 793 vehementia

132 843 155 869 e
192 827 281 870 tofo
319 833 538 881 terraque,
579 824 942 881 quemadmodum
974 823 1019 863 in
1049 820 1297 863 fornacibus
1330 835 1385 860 ex
1416 819 1554 872 calce,
1594 821 1655 860 ita

90 916 91 919 ¹
132 911 188 937 ex
224 895 292 936 his
331 900 526 950 ereptum
565 908 658 934 esse
700 892 923 948 liquorem.
990 890 1125 945 igitur
1163 887 1448 930 dissimilibus
1489 894 1530 928 et
1569 887 1654 927 dis-

130 963 308 1021 paribus
328 961 458 1003 rebus
481 962 688 1017 correptis
712 967 753 1001 et
774 961 820 1003 in
839 974 968 1000 unam
1000 963 1257 1014 potestatem
1288 955 1484 1008 conlatis,
1517 954 1658 995 calida
1685 964 1724 993 10

130 1031 292 1073 umoris
333 1030 535 1071 ieiunitas
573 1044 685 1084 aqua
721 1035 898 1084 repente
937 1026 1092 1067 satiata
1130 1023 1429 1066 communibus
1469 1023 1656 1079 corpori-

132 1099 213 1140 bus
243 1097 396 1138 latenti
426 1096 566 1138 calore
596 1096 885 1137 confervescit
917 1102 957 1135 ct
989 1093 1267 1134 Vehementer
1299 1091 1431 1132 efficit
1463 1106 1511 1131 ea
1544 1090 1658 1131 coire

132 1165 415 1221 celeriterque
444 1179 574 1205 unam
605 1163 839 1205 soliditatis
871 1163 1095 1219 percipere
1126 1162 1347 1201 virtutem.

245 1232 533 1289 Relinquetur
572 1231 856 1284 desideratio,
897 1230 1098 1285 quoniam
1136 1229 1239 1269 item
1276 1234 1376 1268 sunt
1407 1228 1452 1267 in
1482 1226 1659 1267 Etruria

133 1317 188 1342 ex
208 1315 319 1357 aqua
341 1300 482 1341 calida
503 1300 644 1341 crebri
673 1300 836 1353 fontes,
869 1297 974 1354 quid
1004 1298 1066 1338 ita
1095 1311 1182 1337 non
1213 1296 1343 1337 etia-m
1374 1295 1436 1336 ibi
1467 1295 1660 1335 nascitur
1686 1300 1726 1330 15

132 1369 300 1425 pulvis,
342 1383 364 1409 e
402 1383 485 1423 quo
526 1368 676 1408 eadem
714 1367 880 1408 ratione
911 1365 991 1407 sub
1023 1379 1135 1420 aqua
1167 1370 1384 1405 structura
1414 1362 1658 1404 solidescat.

132 1438 278 1493 ita-que
300 1437 443 1477 visum
474 1443 539 1476 est
568 1442 799 1490 antequam
830 1432 1150 1474 desideraretur
1181 1432 1234 1472 de
1265 1430 1331 1472 his
1363 1429 1491 1471 rebus
1514 1443 1660 1485 queni-

135 1503 368 1545 admodum
399 1517 492 1545 esse
522 1502 753 1544 videantur
784 1515 1014 1557 exponere.
1082 1499 1281 1540 omnibus
1312 1497 1416 1539 10015
1450 1503 1491 1538 01
1520 1496 1660 1550 regio-

132 1572 259 1613 nibus
297 1586 383 1612 non
422 1571 572 1612 eadem
609 1585 768 1625 genera
804 1576 945 1610 terrae
975 1583 1055 1609 nec
1084 1566 1251 1624 lapides
1282 1572 1540 1618 nascuntur,
1582 1562 1661 1604 sed

134 1639 341 1682 nonnulla
389 1647 489 1680 sunt
532 1646 703 1680 terrena
740 1636 823 1678 alia
864 1635 1065 1678 sabulosa
1104 1636 1295 1690 itemque
1331 1633 1527 1689 glareosa
1564 1631 1660 1672 aliis
1687 1639 1729 1669 2⁴)

104 1713 108 1722 “
133 1708 238 1749 locis
260 1707 470 1748 harenosa
490 1721 576 1748 non
596 1706 738 1747 minus
769 1705 971 1757 materia,
1006 1710 1046 1744 et
1077 1703 1249 1744 omnino
1282 1700 1486 1742 dissimili
1517 1700 1660 1755 dispa-

133 1777 256 1832 rique
292 1789 450 1830 genere
488 1775 534 1815 in
570 1774 796 1828 regionum
834 1770 1119 1812 varietatibus
1160 1768 1389 1825 qualitates
1430 1769 1579 1808 insunt
1617 1767 1663 1806 in

136 1852 265 1885 terra.
307 1843 494 1883 maxime
515 1848 658 1883 autem
680 1841 725 1882 id
749 1841 811 1881 sic
842 1839 943 1880 11001
974 1837 1247 1880 considerare
1280 1836 1394 1892 quod
1426 1850 1509 1892 qua
1540 1849 1660 1875 mons

134 1911 421 1968 Appenninus
453 1910 649 1965 regiones
683 1907 835 1959 Italiae
867 1907 1153 1961 Etruriaeque
1185 1905 1299 1945 circa
1330 1904 1487 1958 cingit,
1528 1916 1661 1958 prope

135 1981 180 2020 in
202 1978 398 2020 omnibus
430 1977 535 2020 locis
567 1992 652 2018 non
682 1976 838 2017 desunt
868 1974 1044 2015 fossicia
1074 1973 1316 2025 harenaria,
1348 1979 1464 2012 trans
1484 1970 1659 2026 Appen-
1688 1978 1730 2007 2’5

133 2047 284 2087 ninum
323 2060 425 2087 vero
469 2060 578 2102 quae
607 2059 706 2101 pars
739 2051 803 2085 est
840 2042 896 2083 ad
927 2041 1231 2082 Hadriaticum
1267 2053 1405 2091 mare,
1443 2037 1560 2079 nulla
1598 2038 1660 2077 in-

135 2114 383 2167 veniuntur,
415 2115 518 2155 item
541 2113 707 2154 Achaia
727 2112 836 2153 Asia
858 2110 1030 2152 omnino
1059 2115 1178 2149 trans
1209 2122 1326 2148 mare
1356 2121 1410 2147 ne
1440 2105 1660 2147 nominan-

229 2220 247 2249 2
274 2222 419 2250 aetnam
439 2219 475 2249 II
495 2215 541 2258 (et
566 2221 643 2248 ante
661 2227 750 2248 corr.
766 2215 810 2255 L,
835 2216 904 2245 ’1115
921 2212 959 2254 l),
987 2213 1159 2244 aethnam
1187 2212 1213 2243 G
1231 2211 1293 2253 (c),
1321 2211 1467 2242 ethnam
1497 2210 1541 2241 Gc
1561 2209 1623 2249 (h).

160 2275 301 2315 1ysciae
327 2278 404 2305 ante
437 2284 525 2306 cor-r.
561 2273 599 2304 G.
640 2270 654 2314 l}
695 2268 1029 2312 catacaelcaumae
1056 2269 1092 2300 H
1125 2267 1270 2310 (01111100
1304 2277 1455 2299 011111111ιο
1493 2263 1607 2307 [—-me
1634 2262 1659 2305 l‘l

139 2330 230 2370 Lle),
259 2333 343 2361 cata
371 2339 611 2361 cecaumenos
640 2328 667 2360 G
693 2325 1058 2378 (eatafflcecaumenos
1086 2325 1157 2364 GC).
1193 2322 1206 2366 Η
1239 2326 1258 2355 3
1286 2323 1448 2355 eiusdem
1474 2321 1568 2353 modi
1597 2321 1662 2351 Gll

140 2387 202 2426 (L,
237 2386 315 2418 eius
347 2386 443 2418 modi
473 2385 528 2423 lc).
563 2383 576 2427 ΙΙ
616 2386 636 2417 5
668 2385 851 2416 omnibus:
895 2384 943 2414 sic·
976 2383 1042 2414 GH
1080 2380 1277 2421 (montibus
1308 2379 1410 2412 Jocst.
1452 2376 1466 2420 Η
1504 2379 1524 2409 8
1552 2387 1569 2407 e
1603 2375 1662 2416 (ex

139 2443 245 2482 ιΙο(·.);
272 2441 301 2474 &
328 2442 393 2474 GH
425 2441 485 2482 (eoe
511 2452 554 2473 ae
586 2452 691 2482 comp.
718 2438 813 2480 seru).
846 2437 860 2481 Η
900 2450 942 2470 ex
976 2438 1077 2470 calce
1104 2438 1215 2470 Marx:
1249 2434 1278 2468 &
1303 2436 1431 2467 acalee
1461 2434 1536 2466 GII.
1573 2429 1588 2474 [1
1622 2434 1655 2463 ll

141 2509 235 2540 aqua
269 2499 296 2530 G
327 2498 384 2538 (cf.
409 2509 442 2539 p.
472 2500 527 2534 35,
554 2497 607 2537 9):
647 2507 765 2538 aquae
799 2497 836 2527 H
861 2493 967 2536 (Lle).
1000 2492 1014 2536 Η
1048 2495 1088 2525 14
1121 2494 1208 2524 item
1242 2493 1341 2523 Lern:
1377 2493 1430 2522 ita
1464 2490 1540 2521 GH.
1573 2486 1587 2529 ll
1623 2489 1663 2519 15

142 2565 210 2586 exa
232 2554 236 2594 Ι
260 2564 356 2595 aqua.
383 2554 421 2587 G.
453 2551 467 2595 Η
501 2553 637 2585 callida
662 2558 740 2585 ante
765 2563 855 2585 corr.
882 2552 928 2583 ΙΙ.
962 2547 976 2592 Η
1009 2550 1192 2582 nascitur:
1218 2550 1266 2580 sic
1294 2549 1369 2579 (ill.
1402 2544 1419 2589 H
1452 2547 1491 2578 16
1518 2545 1660 2576 ratione

143 2612 180 2643 G.
212 2609 226 2652 ΙΙ
259 2612 300 2642 20
326 2609 497 2651 glareosa
525 2610 568 2641 G:
602 2609 763 2651 glariosa
789 2610 824 2640 H
850 2607 955 2649 (Llc).
987 2604 1002 2650 Η
1034 2607 1129 2638 1111115
1156 2610 1233 2636 ante
1260 2615 1349 2636 corr.
1379 2605 1423 2634 ll.
1463 2600 1478 2644 Ι]
1517 2603 1557 2632 ‘21
1586 2611 1660 2631 ma-

140 2667 231 2698 teria
258 2667 293 2697 H
319 2664 477 2707 <G⁶Llc):
506 2669 653 2697 materie
682 2666 709 2698 G
741 2665 816 2705 (sed
848 2666 892 2695 GC
915 2675 1021 2705 supra
1046 2674 1064 2695 e
1089 2673 1156 2694 scr.
1185 2661 1280 2691 ta:
1298 2660 1352 2692 vel
1371 2659 1538 2690 materia.
1572 2654 1586 2699 ΙΙ
1619 2659 1661 2688 ‘23

140 2724 194 2755 sic
219 2723 305 2754 licet
330 2720 387 2763 (L,
413 2723 457 2763 cf.
484 2733 512 2756 c.
532 2724 564 2759 8,
585 2722 659 2763 11):
687 2722 812 2754 silicet
836 2725 913 2753 (mee
932 2731 1022 2752 corr.
1053 2719 1090 2755 G,
1116 2718 1258 2749 scilicet
1280 2718 1313 2747 ΙΙ
1331 2714 1450 2757 (sicle).
1483 2713 1498 2756 Η
1530 2715 1571 2745 21
1598 2724 1661 2754 ap-

141 2778 327 2820 pennimus
358 2784 435 2810 ante
466 2789 535 2809 rus.
565 2779 602 2810 G.
635 2776 650 2820 Η
683 2778 842 2820 regionis
868 2778 905 2807 H
932 2775 988 2817 (c).
1030 2773 1044 2817 Η
1084 2776 1199 2806 cirea:
1234 2775 1282 2804 si(-
1317 2773 1394 2803 (ill.
1434 2769 1448 2812 Η
1487 2772 1528 2801 26
1562 2770 1660 2811 paris

142 2839 219 2866 ante
244 2845 313 2866 ras.
342 2835 379 2867 G.
411 2831 425 2876 Η
458 2837 475 2866 Q
499 2834 542 2865 ad
571 2834 753 2866 adriatici!
783 2834 824 2866 G:
853 2836 909 2864 est
932 2831 1153 2864 adriaticum
1180 2829 1256 2870 (om.
1285 2828 1342 2860 11111
1373 2828 1408 2857 ΙΙ
1433 2826 1537 2867 (lde).
1571 2825 1585 2868 Η
1618 2827 1659 2856 27

144 2891 224 2922 asia
248 2890 410 2922 omnino:
435 2892 484 2923 sic
509 2890 595 2932 (sine
621 2889 670 2932 01)
701 2890 777 2922 Gll.
810 2887 824 2931 Η
856 2892 932 2920 tras
960 2890 996 2922 G,
1030 2885 1044 2930 11
1076 2898 1121 2919 110
1141 2886 1373 2917 nominantur
1389 2884 1479 2915 -Ιοικῑ
1508 2892 1575 2914 1100
1600 2892 1660 2913 110-

142 2946 300 2979 minatur
327 2947 402 2979 Gli.
