1909 3322
256 221 311 263 42
907 229 1114 260 vlrrfflvn

253 333 534 390 respondere,
574 332 651 373 sed
682 346 779 373 cum
810 332 1138 388 expenduntur,
1170 338 1448 388 permanente
1480 347 1529 374 ea
1559 335 1772 389 magnitu—

254 402 375 454 dine,
415 406 590 441 excocto
621 399 788 456 liquore
819 400 990 441 circiter
1019 400 1146 441 tertia
1175 406 1297 456 parte
1328 399 1530 456 ponderis
1561 401 1775 443 inminuta

254 483 346 510 esse
376 468 666 509 inveniuntur.
732 468 867 522 igitur
905 483 1000 509 cum
1038 474 1187 524 patent
1217 467 1427 509 foramina
1458 482 1604 510 eorum
1636 476 1678 510 et
1707 484 1772 510 ra—

252 530 421 588 ritates,
468 535 652 576 harenae
695 536 951 577 mixtionem
996 536 1041 576 in
1079 549 1124 575 se
1164 536 1402 591 corripiunt
1445 542 1486 576 et
1522 537 1584 577 ita
1623 536 1773 578 cohae-

207 612 226 642 5
250 609 423 644 rescunt
473 602 833 659 siccescendoque
877 618 973 644 cum
1018 604 1249 644 caementis
1295 609 1448 644 coeunt
1494 610 1535 645 et
1581 603 1776 646 efficiunt

251 678 561 712 structurarum
592 670 870 712 soliditatem.

184 747 233 778 VI
364 738 445 779 Est
490 739 619 779 etiam
664 753 799 793 genus
844 738 1036 795 pulveris
1084 739 1199 795 quod
1239 738 1373 780 efficit
1412 739 1666 781 naturaliter
1705 755 1773 781 res
1801 748 1817 777 1

251 806 541 847 admirandas.
601 807 792 847 nascitur
822 807 867 847 in
897 806 1147 860 regionibus
1172 797 1354 848 *Baianis
1387 813 1428 848 et
1459 808 1503 847 in
1533 808 1650 862 agris
1682 823 1772 848 mu-

249 875 507 930 nicipiorum
546 888 653 929 quae
692 880 791 915 sunt
830 875 943 915 circa
974 874 1213 915 Vesuvium
1248 881 1452 915 montem.
1514 875 1629 930 quod
1660 889 1771 916 com-

185 953 225 983 10
249 942 434 982 mixtum
473 956 569 983 cum
609 940 726 982 calce
764 947 804 982 et
843 948 1062 983 caemento
1100 956 1186 983 non
1216 941 1343 983 modo
1376 943 1529 983 ceteris
1561 942 1772 1003 aedificiis

249 1015 439 1065 praestat
475 1009 721 1062 firmitates,
762 1010 839 1050 sed
869 1010 995 1050 etiam
1025 1008 1158 1050 moles
1191 1024 1287 1050 cum
1318 1015 1543 1051 struuntur
1573 1011 1618 1051 in
1648 1011 1771 1064 mari,

250 1077 330 1118 sub
368 1091 480 1132 aqua
516 1075 793 1117 solidescunt.
860 1076 940 1117 hoc
978 1083 1120 1117 autem
1159 1077 1251 1118 fieri
1290 1077 1371 1118 hac
1401 1079 1566 1119 ratione
1598 1078 1774 1120 videtur

250 1143 364 1199 quod
408 1143 487 1185 sub
532 1143 599 1184 his
643 1143 863 1184 montibus
901 1151 942 1184 et
980 1151 1121 1185 terrae
1159 1144 1376 1186 ferventes
1415 1152 1514 1187 sunt
1552 1153 1592 1187 et
1632 1146 1771 1188 fontes

249 1211 403 1264 crebri,
436 1211 509 1266 qui
529 1225 615 1251 non
636 1217 794 1264 essent,
827 1212 863 1252 si
884 1226 970 1252 non
991 1212 1036 1251 in
1057 1212 1142 1253 imo
1171 1211 1379 1254 haberent
1409 1220 1483 1255 aut
1515 1228 1536 1254 e
1568 1213 1772 1270 sulphure

184 1290 223 1319 15
249 1285 322 1319 aut
366 1277 553 1318 alumine
596 1288 670 1319 aut
708 1278 920 1319 bitumine
958 1278 1159 1320 ardentes
1191 1280 1404 1321 maximos
1437 1282 1574 1336 ignes.
1636 1282 1771 1336 igitur

248 1346 419 1402 penitus
452 1347 565 1400 ignis
599 1352 640 1387 et
670 1346 865 1387 flammae
897 1361 1031 1403 vapor
1062 1361 1138 1402 per
1168 1347 1412 1388 intervenia
1442 1363 1697 1404 permanans
1731 1356 1772 1390 et

247 1413 403 1454 ardens
449 1412 583 1454 efficit
621 1412 761 1454 levem
800 1429 892 1455 eam
930 1420 1109 1467 terram,
1158 1421 1199 1456 et
1237 1414 1299 1456 ibi
1331 1416 1403 1471 qui
1433 1416 1626 1457 nascitur
1655 1416 1770 1458 tofus

250 1495 485 1535 exsurgens
510 1487 574 1521 est
595 1482 687 1522 sinc
708 1480 887 1537 liquore.
927 1497 1027 1537 crgo
1050 1497 1146 1522 cum
1167 1489 1255 1524 tres
1277 1497 1344 1524 res
1369 1483 1584 1525 consimili
1603 1485 1770 1525 ratione

249 1549 362 1603 ignis
402 1548 674 1589 vehementia
712 1549 920 1591 formatae
957 1551 1002 1591 in
1032 1565 1161 1591 unam
1191 1552 1469 1606 pervenerint
1498 1553 1768 1605 mixtionem,

182 1627 224 1656 20
248 1622 424 1672 repente
462 1622 635 1672 recepto
667 1616 833 1672 liquore
867 1632 952 1658 una
984 1618 1292 1660 cohaerescunt
1324 1626 1365 1660 et
1396 1618 1592 1660 celeriter
1622 1635 1770 1661 umore

248 1683 424 1725 duratae
456 1683 707 1737 solidantur,
739 1700 878 1740 neque
908 1700 978 1726 eas
1010 1686 1164 1727 fluctus
1195 1701 1333 1743 neque
1363 1688 1431 1728 vis
1462 1702 1597 1743 aquae
1628 1694 1771 1743 potest

248 1750 499 1792 dissolvere.
565 1751 741 1794 ardores
779 1759 922 1793 autem
961 1768 1055 1794 esse
1094 1755 1139 1795 in
1168 1754 1236 1795 his
1267 1753 1373 1796 locis
1405 1756 1536 1796 etiam
1566 1755 1670 1796 haec
1700 1770 1768 1796 res
1795 1765 1814 1796 2

246 1824 387 1874 potest
424 1818 617 1859 indicare
656 1819 770 1875 quod
807 1821 851 1860 in
888 1821 1106 1862 montibus
1140 1822 1430 1864 Cumanorum
1460 1822 1638 1864 Baianis
1670 1830 1770 1864 sunt

247 1886 340 1928 loca
361 1886 664 1928 sudationibus
687 1894 911 1940 excavata,
944 1890 988 1930 in
1020 1889 1175 1945 quibus
1207 1904 1342 1946 vapor
1372 1890 1566 1932 fervidus
1597 1890 1652 1931 ab
1683 1891 1768 1932 imo

180 1963 223 1993 25
246 1968 427 1994 nascens
465 1954 578 2007 ignis
618 1954 890 1996 vehementia
928 1956 1116 2012 perforat
1156 1972 1249 1998 eam
1286 1964 1444 1998 terram
1483 1972 1560 2013 per
1591 1972 1769 2014 eamque

247 2020 460 2061 manando
481 2021 526 2061 in
547 2021 612 2061 his
635 2020 739 2062 locis
771 2024 906 2064 oritur
938 2030 978 2065 et
1009 2025 1069 2065 ita
1099 2024 1376 2066 sudationum
1407 2026 1603 2080 egregias
1636 2025 1768 2067 efficit

247 2088 471 2129 utilitates.
532 2103 617 2129 non
647 2090 787 2130 minus
827 2092 1275 2134 etiam.memorantur
1305 2094 1543 2149 antiquitus
1577 2094 1767 2134 crevisse

247 2155 420 2196 ardores
443 2162 484 2196 et
504 2155 797 2198 abundavisse
818 2158 897 2199 sub
919 2159 1112 2201 Vesuvio
1143 2167 1288 2202 monte
1319 2168 1360 2201 et
1390 2161 1493 2202 inde
1524 2161 1768 2202 evomuisse

248 2224 361 2263 circa
381 2238 508 2277 agros
530 2223 758 2264 flammam.
820 2225 1000 2281 ideoque
1023 2235 1124 2269 tunc
1147 2243 1255 2284 quae
1277 2229 1459 2285 spongia
1482 2229 1574 2269 sive
1605 2242 1766 2284 pumex

181 2299 223 2329 30
248 2290 533 2345 Pompeianus
576 2298 755 2332 vocatur
793 2300 969 2335 excocto
1001 2310 1055 2335 ex
1085 2295 1170 2337 alio
1201 2311 1359 2350 genere
1390 2296 1548 2352 lapidis
1580 2297 1625 2337 in
1655 2296 1765 2337 hanc

248 2357 421 2398 redacta
467 2372 559 2399 esse
605 2358 778 2399 videtur
821 2362 990 2414 generis
1030 2362 1294 2418 qualitatem.
1363 2363 1408 2404 id
1441 2370 1590 2417 autem
1630 2379 1764 2419 genus
1791 2374 1810 2404 3

336 2518 356 2548 8
382 2517 527 2548 baianis
559 2517 595 2548 in
629 2518 704 2552 GH,
732 2518 782 2558 (et
810 2520 891 2552 (edd.
923 2520 1024 2561 Ma),
1058 2519 1072 2564 ΙΙ
1112 2523 1152 2554 10
1181 2523 1284 2555 modo
1317 2523 1383 2554 GH
1410 2521 1472 2563 (L,
1504 2523 1644 2556 modico
1662 2523 1719 2565 le).
1745 2523 1760 2566 Η

252 2574 287 2603 11
317 2573 504 2604 firmitates
536 2574 572 2604 H
605 2572 763 2613 (G‘JLlc):
803 2575 972 2609 firmitate
995 2579 999 2618 Ι
1022 2583 1099 2610 ante
1130 2588 1219 2611 corr.
1256 2580 1292 2612 G.
1327 2577 1340 2621 Ι]
1384 2581 1421 2610 17
1456 2580 1516 2620 qui
1540 2580 1634 2613 don:
1667 2580 1763 2620 quod

248 2627 308 2669 (qd
336 2628 376 2668 G)
406 2629 481 2660 GH.
510 2627 569 2669 (cf.
592 2640 628 2669 p.
655 2631 709 2665 44,
735 2629 808 2671 24).
833 2628 848 2673 ll
879 2634 920 2663 22
946 2634 1148 2665 dissolvere
1174 2635 1210 2665 Il
1230 2634 1339 2675 <Lle):
1366 2635 1443 2666 dies
1462 2635 1600 2667 solvere
1621 2636 1658 2667 G.
1681 2633 1696 2677 ss
1719 2637 1761 2668 23

248 2685 409 2715 ‹zfianorfi
438 2684 480 2721 G,
516 2684 795 2725 cumlannorum
829 2687 903 2725 (sie)
932 2689 967 2719 Il
994 2688 1053 2729 (cu
1080 2691 1220 2722 annorsl
1246 2691 1285 2721 ele
1311 2693 1346 2721 ct
1372 2695 1449 2722 ante
1475 2702 1564 2724 corr.
1591 2693 1609 2728 I,
1640 2701 1761 2722 cuma-

247 2741 336 2770 norsl
362 2742 405 2777 Ic,
439 2741 624 2791 euvanoffi
649 2742 690 2772 L.
713 2739 727 2783 Η
750 2743 791 2772 ‘26
814 2748 892 2783 post
917 2746 1097 2778 manando
1123 2749 1155 2778 z‘n
1176 2747 1242 2777 GH
1258 2751 1457 2787 repetuntur
1479 2747 1759 2787 verbawfervidus

249 2806 293 2836 ab
320 2807 388 2837 imo
414 2817 581 2839 nascens.
611 2805 625 2849 Η
657 2809 698 2839 27
726 2813 969 2842 memorantur
997 2812 1023 2843 G
1048 2813 1125 2853 (L):
1153 2817 1321 2845 -—rentur
1346 2815 1385 2845 H
1408 2812 1477 2853 (lc).
1510 2811 1525 2855 Η
1557 2816 1598 2845 29
1625 2824 1693 2855 que
1722 2815 1759 2851 G,

249 2871 280 2900 ης
307 2862 343 2891 ΙΙ
374 2861 427 2900 (le,
456 2863 546 2903 (llic,
574 2864 660 2904 quia
684 2862 742 2905 L).
781 2862 795 2906 11
834 2867 877 2897 30
908 2869 1143 2908 pompeianus
1178 2871 1220 2907 (i,
1256 2871 1482 2911 pompeianus
1514 2871 1550 2900 H
1578 2870 1666 2909 (le',
1697 2872 1760 2911 po-

249 2917 402 2957 pcianus
434 2919 489 2959 cle,
523 2920 777 2961 ponpegianus
802 2926 879 2953 mete
905 2933 994 2954 corr.
1020 2926 1055 2963 l).
1088 2922 1103 2966 Η
1144 2929 1294 2958 excocto
1325 2927 1363 2957 H
1389 2924 1499 2966 (Lu->t
1535 2928 1688 2957 excocta
1722 2927 1759 2960 G.
