1899 3322
573 252 634 284 DE
666 254 1022 287 ARCHITECTURA
1054 258 1144 288 LIB.
1178 259 1225 288 11.
1603 248 1655 291 47

136 355 393 397 continetur.
455 355 583 397 simul
611 363 754 397 autem
794 357 940 398 umida
977 367 1166 413 potestas
1199 376 1221 401 e
1251 362 1429 402 materia
1459 376 1535 418 per
1565 376 1658 403 cae-

134 430 377 465 mentorum
406 425 628 465 raritatem
659 425 786 465 suerit
824 433 1002 466 exsucta
1034 426 1216 483 calxque
1246 428 1300 469 ab
1332 429 1491 469 harena
1521 429 1660 470 disce—

136 491 211 532 dat
242 498 284 532 et
315 490 598 545 dissolvatur,
638 493 742 533 item
779 501 1001 534 caementa
1040 509 1125 535 non
1155 503 1331 550 possunt
1365 511 1461 537 cum
1492 497 1558 538 his
1590 512 1658 538 co-

91 570 111 600 3
136 559 333 613 haerere,
386 559 462 600 sed
499 560 545 600 in
583 566 843 601 vetustatem
887 562 1074 617 parietes
1113 562 1306 603 efficiunt
1343 565 1554 606 ruinosos.
1614 565 1660 605 id

135 634 278 667 autem
316 627 417 668 licet
455 627 801 668 animadvertere
839 629 968 669 etiam
1007 629 1060 669 de
1098 629 1316 671 nonnullis
1354 634 1658 685 monumentis,

136 709 245 749 quae
276 695 389 735 circa
420 694 570 735 urbem
607 694 722 736 sacta
761 702 860 736 sunt
892 710 914 736 e
946 711 1156 737 marmore
1195 712 1270 738 seu
1308 696 1527 753 lapidibus
1557 715 1659 756 qua-

136 761 272 802 dratis
326 762 676 818 intrinsecusque
730 763 872 804 medio
929 763 1093 804 calcata
1145 766 1393 818 structuris,
1442 774 1659 809 vetustate

136 829 321 869 evanida
352 829 467 870 facta
497 832 678 871 materia
709 837 1111 887 caementorumque
1140 839 1319 873 exsucta
1340 834 1530 887 raritate,
1562 850 1657 890 pro-

134 902 264 936 ruunt
296 902 337 936 et
370 905 720 952 coagmentorum
759 898 814 939 ab
851 900 977 940 ruina
1019 898 1242 940 dissolutis
1282 901 1491 942 iuncturis
1531 902 1656 943 dissi-

90 971 112 1001 4
135 970 307 1019 pantur.
369 965 483 1020 quod
515 966 551 1006 si
582 967 655 1021 qui
693 965 878 1007 noluerit
915 967 960 1007 in
998 966 1044 1007 id
1075 968 1229 1007 vitium
1268 968 1479 1022 incidere,
1518 969 1658 1010 medio

137 1045 243 1072 cavo
275 1040 446 1074 serva-to
478 1033 714 1074 secundum
737 1033 1011 1088 orthostatas,
1044 1035 1304 1077 intrinsecus
1326 1051 1380 1076 ex
1400 1037 1531 1077 rubro
1554 1051 1658 1077 saxo

136 1098 345 1154 quadrato
375 1107 450 1141 aut
481 1115 536 1141 ex
566 1107 680 1142 testa
717 1108 791 1142 aut
829 1116 884 1141 ex
922 1101 1117 1144 silicibus
1158 1103 1387 1145 ordinariis
1427 1112 1562 1145 struat
1594 1105 1656 1145 bi-

136 1165 311 1222 pedales
343 1169 550 1223 parietes,
584 1176 625 1210 et
657 1184 753 1210 cum
784 1169 851 1210 his
883 1170 999 1210 ansis
1031 1170 1183 1212 ferreis
1216 1178 1257 1211 et
1287 1171 1462 1227 plumbo
1494 1172 1657 1213 frontes

136 1235 310 1276 vinctae
342 1237 442 1277 sint.
502 1237 561 1277 ita
594 1238 708 1277 enim
745 1252 831 1278 non
868 1238 1104 1279 acervatim
1142 1239 1217 1279 sed
1257 1239 1408 1280 ordine
1447 1246 1657 1280 structum

136 1317 243 1358 opus
281 1304 439 1357 poterit
479 1318 572 1345 esse
611 1305 703 1345 sine
741 1305 848 1345 vitio
888 1306 1219 1361 sempiternum,
1267 1307 1379 1362 quod
1418 1307 1577 1347 cubilia
1616 1314 1657 1347 ct

137 1377 391 1425 coagmenta
421 1385 567 1412 eorum
604 1373 718 1412 inter
749 1387 793 1413 se
825 1372 1021 1413 sedentia
1052 1380 1094 1415 et
1123 1374 1333 1415 iuncturis
1363 1373 1541 1429 alligata
1571 1390 1656 1415 non

135 1437 391 1493 protrudent
436 1453 542 1494 opus
586 1454 726 1496 neque
772 1440 1032 1482 orthostatas
1082 1443 1194 1483 inter
1234 1456 1280 1482 58
1318 1441 1520 1497 religatos
1568 1442 1654 1482 labi

132 1507 369 1562 patiuntur.

89 1581 109 1611 5
246 1573 400 1629 Itaque
427 1589 513 1615 non
542 1581 607 1616 est
642 1575 955 1617 contemnenda
990 1576 1255 1619 Graecorum
1284 1585 1511 1619 structura.
1570 1592 1655 1619 11011

135 1642 249 1690 8111111
268 1648 448 1682 utuntur
479 1656 501 1682 e
532 1642 650 1684 molli
682 1651 902 1685 caemento
935 1652 1150 1686 structura
1172 1645 1319 1702 polita,
1353 1646 1428 1686 sed
1451 1660 1545 1686 cum
1568 1645 1654 1686 dis—

135 1710 343 1750 cesserint
363 1724 388 1749 a
410 1709 639 1765 quadrato,
672 1722 836 1767 ponunt
858 1712 911 1752 de
944 1711 1063 1753 silice
1093 1727 1168 1753 5811
1189 1713 1333 1768 lapide
1355 1713 1461 1754 duro
1483 1707 1653 1754 ordina-

133 1777 211 1829 ria7
242 1783 283 1817 et
313 1777 372 1817 ita
401 1778 465 1817 1111
494 1777 687 1819 latericia
711 1786 923 1820 struentes
945 1779 1127 1834 alligant
1150 1795 1296 1821 eorum
1317 1780 1495 1821 alternis
1524 1781 1653 1821 coriis

136 1851 405 1899 coagmenta,
445 1851 487 1885 et
518 1846 578 1885 sic
608 1847 797 1886 maxime
833 1847 888 1886 ad
918 1849 1215 1888 aeternitatem
1253 1848 1396 1888 firmas
1427 1848 1655 1904 perficiunt

136 1913 332 1952 virtutes.
393 1911 498 1952 haec
536 1920 680 1954 autem
718 1914 885 1955 duobus
925 1916 1154 1969 generibus
1194 1923 1430 1957 struuntur.
1491 1931 1546 1956 ex
1586 1915 1652 1956 his

90 1996 110 2026 6
133 1994 264 2020 unum
302 1978 563 2034 isodomum,
615 1981 797 2022 alterum
835 1982 1216 2038 pseudisodomum
1247 1983 1502 2039 appellatur.
1569 1985 1652 2025 iso·
1704 1998 1716 2006 ⁷

134 2047 306 2088 domum
345 2047 505 2089 dicitur
542 2064 637 2089 cum
676 2051 817 2090 omnia
856 2051 971 2091 coria
1009 2065 1142 2107 aequa
1175 2051 1463 2092 crassitudine
1493 2051 1653 2092 fuerint

133 2122 314 2169 structa,
354 2115 735 2172 pseudisodomum
775 2133 871 2158 cum
912 2119 1083 2174 inpares
1122 2126 1163 2160 et
1200 2119 1448 2175 inaequales
1480 2120 1651 2160 ordines

226 2301 242 2329 1
269 2299 409 2330 umida:
436 2300 534 2331 unda
559 2305 637 2332 once
670 2312 759 2333 corr.
789 2302 825 2335 G.
859 2300 874 2344 Η
906 2304 925 2334 ‘2
952 2306 1104 2334 exsucta
1130 2303 1194 2347 Lg:
1236 2306 1363 2335 exsuta
1397 2303 1464 2334 GH
1495 2302 1543 2343 (et
1573 2308 1650 2334 ante

134 2366 224 2389 corr.
252 2357 292 2392 L,
321 2359 430 2388 exuta
455 2356 511 2396 le).
543 2355 557 2398 Η
589 2357 756 2388 discedat
781 2383 788 2389 .
810 2383 815 2388 .
835 2382 842 2389 .
871 2359 1110 2391 dissolvatur:
1135 2361 1184 2391 sic
1211 2360 1287 2393 GH.
1318 2358 1332 2401 Η
1364 2362 1383 2389 3
1402 2359 1554 2391 cohaere
1573 2365 1650 2391 [mle

134 2423 223 2444 corr.
244 2412 290 2442 ll.
323 2410 337 2455 Η
368 2414 389 2443 4
413 2413 578 2444 ruinosos
605 2414 640 2444 H
660 2412 746 2453 (Llc,
764 2415 810 2454 cf.
832 2426 867 2455 p.
887 2417 941 2452 48,
968 2416 1046 2456 2-1):
1071 2417 1222 2448 rimosos
1249 2418 1287 2449 G.
1319 2415 1333 2458 ΙΙ
1366 2418 1383 2448 7
1411 2416 1548 2447 calcati
1573 2421 1650 2447 ante

133 2478 223 2500 corr.
253 2468 289 2499 G.
322 2467 337 2510 ΙΙ
368 2470 387 2500 8
415 2473 567 2501 exsucta
591 2471 684 2501 doen:
725 2473 915 2502 exstructa
948 2471 1013 2503 GH
1045 2471 1101 2512 (L,
1130 2478 1297 2505 extructa
1327 2475 1382 2514 lc).
1423 2471 1437 2515 ΙΙ
1477 2475 1515 2503 11
1549 2473 1649 2503 ortho

132 2550 255 2596 513135
278 2548 304 2577 (r'
330 2547 426 2587 (L0):
452 2548 682 2580 orchostatas
709 2550 744 2580 ll
775 2549 818 2590 (Ic
844 2555 875 2581 et
907 2555 984 2582 (mle
1010 2562 1100 2584 corr.
1128 2551 1183 2593 L).
1217 2551 1232 2594 Η
1264 2553 1369 2584 robro
1396 2554 1441 2584 H.
1470 2531 1513 2592 (ἓ
1541 2552 1648 2583 rubro

134 2605 191 2643 L),
221 2602 235 2646 Η
270 2606 308 2635 12
335 2608 483 2636 extexta
507 2611 585 2637 ante
610 2618 699 2638 corr.
729 2608 767 2638 G.
798 2606 814 2649 Η
848 2609 889 2638 14
913 2609 1057 2640 vinctae
1079 2609 1144 2640 GH
1170 2608 1223 2649 (le,
1251 2610 1398 2640 iunctae
1414 2610 1472 2641 L).
1502 2607 1516 2650 Η
1549 2620 1648 2639 acer-

133 2661 247 2692 vatim
264 2662 316 2694 ed.
333 2659 450 2701 (rec.):
468 2662 631 2693 acervati
646 2662 722 2695 GH.
742 2661 756 2705 Η
775 2665 814 2694 17
831 2667 908 2695 orto
924 2668 1043 2696 statas
1060 2665 1098 2704 G,
1117 2668 1317 2697 ortostatas
1334 2666 1367 2695 ll
1381 2667 1434 2705 (le.
1450 2665 1649 2715 orthovsta-

133 2731 190 2758 tas
225 2726 277 2770 L).
316 2726 330 2769 Η
367 2729 581 2770 protrudent
606 2759 613 2765 ,
634 2756 640 2762 .
661 2754 668 2760 .
701 2732 904 2772 patiuntur:
942 2733 992 2762 sic
1025 2732 1102 2763 GH.
1141 2731 1156 2775 ΙΙ
1202 2735 1240 2765 19
1272 2743 1341 2763 non
1375 2733 1468 2763 enim
1504 2734 1547 2763 G:
1586 2744 1646 2765 om.

134 2784 171 2814 H
196 2783 303 2823 (Llc).
330 2781 346 2826 ΙΙ
377 2786 420 2817 20
445 2788 630 2818 structura
658 2786 700 2818 G:
729 2797 789 2820 om.
816 2787 853 2817 Il
879 2786 981 2827 (Lle).
1016 2785 1030 2830 [l
1061 2788 1298 2820 discesserint
1325 2790 1350 2817 (ι’
1377 2788 1494 2828 (lec):
1520 2793 1648 2820 -—runt

136 2839 170 2869 H
197 2837 287 2880 (leh).
320 2837 334 2881 ΙΙ
366 2841 408 2871 22
435 2841 587 2874 alterius
612 2848 690 2875 ante
715 2853 804 2874 corr.
835 2843 872 2876 G.
905 2841 920 2884 Η
952 2845 993 2875 25
1020 2842 1097 2884 (bis)
1129 2844 1352 2876 hisodomum
1387 2844 1461 2874 GH.
1494 2841 1508 2885 ΙΙ
1540 2854 1645 2885 pseu-

134 2895 572 2940 disodo{{{lpellatur
611 2899 844 2940 (pseudisodo
875 2900 908 2930 in
939 2911 1010 2934 ras,
1044 2902 1089 2932 GC
1125 2906 1266 2942 postque
1303 2902 1338 2931 id
1368 2900 1498 2931 ver-bum
1535 2903 1644 2934 erasis

132 2954 254 2984 litteris
279 2953 300 2984 ῡ
329 2954 412 2995 ap?)
441 2954 478 2985 G.
511 2952 526 2997 Η
557 2956 599 2986 ‘27
626 2955 940 2997 pseudisodomum
966 2956 1045 2997 (sed
1068 2957 1194 2998 pseudi
1218 2957 1250 2987 in
1275 2966 1345 2987 ras,
1374 2956 1431 2998 GC)
1461 2956 1497 2989 G.

1686 645 1706 674 5

1688 984 1726 1011 10

1686 1322 1724 1350 15

1681 1660 1723 1690 ‘20
