1899 3322
594 237 656 266 DE
691 237 1046 270 AncnrrEcTi'RA
1080 243 1171 272 Lm.
1207 244 1246 271 v.
1597 235 1676 276 109

156 350 324 376 crarum
369 337 414 377 in
458 338 586 378 tertio
632 337 742 380 libro
786 347 848 380 cst
896 341 1117 396 scriptum.
1192 345 1367 401 iusuper
1397 345 1674 388 fundamenta

154 402 337 459 lapideis
378 410 419 445 et
463 406 714 447 marmoreis
760 408 895 463 copiis
942 409 1219 462 gradationes
1257 413 1311 454 ab
1356 413 1676 456 substructione

108 480 129 510 4
153 469 248 511 fieri
286 470 459 513 debent.
529 473 870 529 praecinctiones
908 476 964 516 ad
1004 477 1256 520 altitudines
1294 481 1561 524 theatrorum
1598 497 1674 539 pro

152 544 245 578 rata
281 545 404 594 parte
441 540 665 581 faciendae
704 542 931 595 videntur,
971 559 1109 601 neque
1146 545 1320 588 altiores
1359 564 1485 604 quam
1516 557 1674 605 quanta

153 607 486 662 praecinctionis
524 609 693 650 itineris
733 610 789 650 sit
820 608 1017 654 latitudo.
1079 613 1116 654 si
1148 614 1256 654 enim
1293 616 1552 658 excelsiores
1584 617 1673 658 fue-

151 674 252 726 rint,
284 673 494 730 repellent
516 682 556 716 et
586 677 742 717 eicient
764 691 786 717 e
817 679 1036 734 superiore
1068 687 1189 737 parte
1221 696 1369 723 vocem
1400 699 1477 724 nec
1509 686 1673 740 patien-

151 747 222 781 tur
241 740 287 781 in
318 741 494 784 sedibus
527 745 726 797 summis,
760 760 868 800 quae
899 753 999 788 sunt
1031 763 1160 804 supra
1190 751 1546 805 praecinctiones,
1579 768 1673 793 ver-

151 807 304 850 borum
344 823 468 851 casus
509 817 625 851 certa
657 812 974 867 significatione
1005 815 1061 856 ad
1090 831 1214 857 aures
1246 819 1487 873 pervenire.
1549 826 1590 861 et
1620 821 1675 861 ad

152 890 360 917 summam
398 878 459 919 ita
499 885 563 920 est
600 879 932 934 gubernandum
961 884 1026 924 uti
1056 883 1170 924 linea
1202 898 1298 924 cum
1327 885 1382 925 ad
1413 887 1545 927 imum
1575 902 1669 942 gra—

151 941 253 983 dum
299 950 341 984 et
378 943 434 984 ad
473 961 686 987 summum
724 953 900 990 extenta
939 948 1092 1004 fuerit,
1141 952 1284 992 omnia
1322 954 1544 994 cacumina
1574 969 1669 1009 gra-

104 1022 124 1053 5
151 1009 281 1052 duum
319 1012 587 1069 angulosque
627 1019 790 1070 tangat.
857 1016 918 1057 ita
956 1031 1044 1058 vox
1082 1034 1168 1060 non
1205 1019 1462 1075 inpedietur.
1529 1022 1672 1063 aditus

151 1077 389 1135 complures
413 1086 454 1121 et
486 1083 698 1138 spatiosos
730 1090 898 1139 oportet
929 1084 1178 1142 disponere,
1211 1102 1291 1128 nec
1322 1089 1572 1131 coniunctos
1604 1106 1671 1132 su-

148 1147 338 1202 periores
369 1147 648 1190 inferioribus
687 1149 764 1191 sed
803 1166 857 1192 ex
895 1153 1092 1195 omnibus
1130 1153 1234 1195 locis
1272 1164 1504 1212 perpetuos
1537 1165 1577 1198 et
1609 1157 1671 1198 di-

148 1220 287 1255 rectos
319 1215 412 1255 sine
442 1216 680 1258 inversuris
712 1217 961 1273 faciendos,
994 1222 1057 1262 uti
1089 1236 1184 1263 cum
1215 1223 1398 1278 populus
1430 1224 1673 1266 dimittatur

151 1280 204 1322 de
235 1282 518 1338 spectaculis,
551 1299 605 1324 ne
637 1287 964 1341 comprimatur,
998 1289 1074 1329 sed
1106 1289 1261 1330 habeat
1295 1305 1349 1331 ex
1380 1293 1577 1334 omnibus
1609 1293 1668 1334 10-

151 1349 210 1389 cis
243 1350 388 1391 exitus
420 1358 640 1407 separatos
673 1353 766 1393 sine
796 1354 1076 1410 inpeditione.

262 1417 410 1458 Etiam
433 1417 665 1474 diligenter
696 1427 760 1462 est
791 1422 1226 1466 animadvertendum
1257 1440 1310 1466 ne
1342 1427 1397 1468 sit
1429 1427 1546 1469 locus
1579 1444 1669 1469 sur-

150 1483 253 1538 dus,
293 1484 367 1526 sed
406 1492 453 1527 ut
491 1488 537 1528 in
569 1502 616 1529 eo
648 1502 736 1529 vox
767 1504 894 1544 quam
926 1492 1166 1533 clarissime
1200 1495 1352 1548 vagari
1382 1497 1533 1551 possit,
1593 1495 1672 1538 hoc

150 1566 252 1593 vero
273 1552 367 1594 fieri
388 1554 449 1594 ita
479 1555 650 1610 poterit,
682 1556 719 1596 si
749 1555 865 1598 locus
900 1557 1060 1600 electus
1092 1560 1224 1602 fuerit
1253 1561 1328 1602 ubi
1359 1578 1444 1604 non
1476 1564 1672 1619 inpedia-

150 1626 219 1660 tur
255 1623 516 1663 resonantia.
584 1637 672 1664 vox
711 1630 857 1666 autem
903 1632 967 1667 est
998 1628 1174 1683 spiritus
1206 1628 1342 1670 fluens
1381 1632 1514 1684 aeris,
1554 1638 1672 1672 tactu

151 1687 372 1729 sensibilis
411 1690 578 1730 auditu.
655 1705 703 1731 ea
747 1698 946 1733 movetur
991 1694 1248 1737 circulorum
1292 1697 1669 1740 rotundationibus

149 1754 352 1808 infinitis,
377 1758 457 1797 ·uti
496 1758 532 1798 si
570 1759 614 1798 in
654 1766 840 1800 stantem
870 1775 1025 1816 aquam
1057 1761 1201 1818 lapide
1231 1764 1408 1807 inmisso
1439 1773 1671 1807 nascantur

148 1823 488 1865 innumerabiles
509 1824 722 1866 undarum
755 1826 906 1868 circuli
936 1837 1192 1883 crescentes,
1226 1847 1251 1872 a
1283 1839 1428 1874 centro
1460 1847 1587 1890 quam
1609 1833 1668 1874 la-

148 1890 314 1931 tissime
351 1893 519 1947 possint
559 1900 818 1948 evagantes,
858 1896 944 1936 nisi
982 1898 1186 1952 angustia
1217 1898 1299 1939 loci
1329 1899 1670 1957 interpellaverit

148 1964 221 1998 aut
266 1957 412 2015 aliqua
450 1960 628 2001 offensio
676 1977 785 2017 quae
823 1978 908 2004 non
952 1965 1117 2020 patitur
1161 1965 1484 2021 designationes
1524 1983 1670 2011 earum

148 2025 360 2067 undarum
406 2027 461 2068 ad
508 2029 650 2069 exitus
697 2031 937 2085 pervenire.
1012 2032 1158 2089 itaque
1203 2049 1297 2075 cum
1344 2035 1673 2092 interpellentur

149 2093 479 2148 offensionibus,
524 2097 688 2152 primae
723 2098 1015 2141 redundantes
1056 2101 1377 2157 insequentium
1422 2104 1668 2145 disturbant

239 2267 258 2297 5
289 2267 578 2308 praecinctionis
619 2268 684 2300 (ill
715 2269 794 2309 (Le,
833 2280 941 2303 —nes
974 2271 1074 2315 Lclz).
1112 2271 1126 2316 Η
1166 2275 1185 2304 6
1218 2257 1347 2317 0110113111
1374 2276 1580 2317 esuperiore
1609 2275 1666 2315 (ex

149 2324 334 2364 superiore
353 2323 397 2365 L)
418 2327 520 2366 parte
538 2324 565 2356 G
583 2325 661 2367 (L):
689 2326 880 2358 eicientem
899 2329 1120 2370 superiorem
1138 2334 1279 2372 partem
1307 2330 1398 2372 (—e)
1420 2333 1454 2363 H
1479 2331 1523 2372 (lc
1540 2339 1572 2363 ec
1590 2338 1667 2364 ante

148 2399 238 2422 corr.
272 2390 308 2428 h,
343 2391 479 2423 eicient
509 2393 545 2423 in
577 2394 800 2435 superiorem
831 2398 972 2436 partem
1003 2396 1066 2439 710).
1106 2395 1122 2439 Η
1158 2398 1176 2429 7
1202 2385 1353 2438 Ῐιθάὼιιε
1389 2399 1443 2433 GC,
1473 2398 1486 2440 Η
1519 2400 1666 2431 summis

148 2446 241 2479 Joc.:
269 2446 343 2478 suis
371 2447 448 2480 GH.
481 2446 495 2491 Η
528 2459 621 2490 quae
648 2455 731 2481 sunt
756 2460 866 2492 supra
892 2450 977 2492 (que
1002 2454 1019 2483 Ξ
1043 2463 1153 2494 supra
1178 2455 1242 2494 L):
1271 2456 1338 2496 que(
1364 2455 1446 2497 (que
1475 2456 1531 2494 GC)
1558 2466 1666 2498 supra

152 2502 187 2541 G,
216 2511 308 2543 quae
336 2512 446 2544 supra
471 2505 508 2536 H
534 2505 605 2545 (le).
638 2503 653 2547 Η
687 2507 727 2538 10
760 2507 990 2538 caffleumina
1015 2509 1052 2539 H
1078 2509 1164 2550 (ipse
1190 2514 1310 2549 eor-ru).
1344 2510 1358 2552 Η
1401 2514 1439 2542 12
1473 2511 1665 2553 conplures

151 2569 217 2600 (ill
243 2567 300 2609 (L,
328 2570 533 2612 cumplures
559 2574 598 2610 Ie,
625 2574 671 2605 (εὖ
696 2573 818 2615 plures
843 2574 889 2613 le).
921 2571 935 2615 Η
968 2569 1153 2618 5ρει1ἰοεὲἶε
1183 2577 1237 2610 (50.
1271 2575 1285 2620 Η
1325 2579 1364 2609 13
1391 2578 1553 2610 derectos
1579 2580 1626 2611 H.

150 2637 191 2666 14
222 2636 300 2668 sine
332 2636 370 2667 h:
397 2638 475 2668 siue
504 2639 570 2670 GH
595 2638 699 2680 (Llc).
729 2637 744 2682 Η
773 2640 985 2672 demittatur
1008 2645 1098 2675 solus
1125 2644 1180 2677 δι’.
1203 2641 1218 2686 Η
1250 2645 1289 2675 16
1316 2636 1391 2683 susse
1419 2646 1546 2686 θ’(ῐμεε
1560 2656 1663 2684 corr..

149 2712 213 2734 non
241 2703 313 2744 GC).
346 2700 360 2745 Η
394 2706 434 2737 17
460 2695 587 2747 sindus
615 2707 670 2741 GC.
702 2704 716 2749 Η
750 2710 790 2739 19
817 2708 1038 2750 impediatur
1055 2712 1125 2743 ed.:
1153 2711 1386 2753 inpediantur
1406 2712 1471 2743 GH
1489 2712 1586 2751 (ιι-11,
1611 2714 1660 2746 in—

149 2758 392 2799 pediebantur
413 2761 450 2801 l).
488 2758 503 2803 Η
540 2763 583 2794 ‘20
619 2766 675 2795 est
712 2765 780 2795 τεά-ε
820 2768 858 2795 111
891 2764 966 2797 GH.
998 2762 1015 2808 Η
1056 2771 1159 2798 tactu
1197 2778 1273 2808 esso:
1316 2772 1439 2799 etactu
1472 2769 1515 2805 G,
1547 2768 1664 2801 &actu

151 2813 236 2853 (cum
265 2814 294 2846 &
322 2826 387 2857 pro
419 2819 433 2847 t
462 2822 498 2848 ut
525 2819 677 2860 saepius)
710 2820 747 2851 H
779 2819 827 2859 (e,
865 2819 894 2851 St
926 2825 1011 2854 actu
1042 2823 1079 2860 Ιι,
1116 2827 1228 2855 ‘iac-tu
1260 2826 1270 2854 l
1302 2821 1353 2866 [et
1392 2828 1475 2855 actu
1510 2823 1582 2866 va,
1622 2837 1665 2858 ex

151 2871 227 2900 ictu
258 2870 319 2908 L).
357 2869 372 2914 Η
408 2873 452 2903 ‘24
483 2878 685 2916 evagantes
717 2875 816 2907 Solem
858 2875 1009 2921 (Voss.):
1053 2878 1263 2919 &vagantes
1297 2880 1361 2911 GH
1393 2880 1441 2921 (e,
1475 2879 1502 2911 ἃ,
1527 2891 1664 2924 vagan-

150 2928 206 2957 tes
233 2926 308 2967 le).

1703 968 1712 997 l
1722 968 1741 994 0

1699 1294 1742 1338 15

1697 1645 1739 1672 ⁰0

1698 1667 1713 1674 .-
