1899 3322
524 230 586 258 DE
618 230 975 263 ARCHITECTURA
1008 236 1098 266 ΜΒ.
1132 237 1193 267 Iv.
1564 230 1615 272 91

92 344 170 384 gas
201 343 296 370 esse
336 344 464 385 quam
500 330 623 372 altas.
685 339 918 389 contraque
948 337 994 376 in
1022 337 1250 392 angulares
1290 340 1508 383 columnas
1539 344 1615 384 tri-

92 396 247 453 glyphi
267 398 313 438 in
334 399 539 439 extremis
561 399 756 455 partibus
779 402 1100 446 constituuntur
1122 412 1162 448 et
1183 422 1267 449 non
1290 416 1436 451 contra
1452 410 1615 453 medios

92 470 315 506 tetrantes.
375 466 437 507 ita
481 472 700 522 metopae,
748 483 857 524 quae
902 472 1126 524 proximae
1171 474 1227 514 ad
1273 476 1501 531 angulares
1539 481 1614 520 tri-

91 530 282 588 glyphos
303 532 426 586 fiunt,
458 548 544 575 non
566 542 724 576 exeunt
746 535 983 592 quadratae
1012 540 1089 580 sed
1110 539 1382 596 oblongiores
1405 545 1617 603 triglyphi

93 599 275 641 dimidia
312 600 556 642 latitudine.
617 609 660 644 at
693 604 766 659 qui
796 610 989 661 metopas
1028 607 1229 663 aequales
1269 610 1420 654 volunt
1458 613 1614 668 facere,
1643 626 1662 656 5

90 667 423 710 intercolumnia
469 676 663 711 extrema
700 672 956 714 contrahunt
998 675 1212 732 triglyphi
1251 676 1431 720 dimidia
1470 681 1615 723 latitu-

92 735 206 776 dine.
275 735 355 778 hoc
400 743 545 778 autem
591 739 684 779 sive
730 739 775 780 in
820 747 1089 797 metoparum
1131 742 1475 799 longitudinibus
1523 750 1616 790 sive

90 802 518 846 intercolumniorum
556 807 923 849 contractionibus
964 809 1197 864 efficietur,
1246 818 1308 854 est
1348 815 1614 858 mendosum.

90 878 351 928 quapropter
381 873 545 929 antiqui
578 875 717 916 vitare
747 876 832 917 visi
863 883 962 918 sunt
992 877 1037 918 in
1067 877 1249 920 aedibus
1279 882 1414 922 sacris
1445 882 1616 925 doricae

90 940 368 996 symmetriae
397 941 621 982 rationem.
1643 964 1683 993 10

202 1007 291 1049 Nos
321 1015 465 1050 autem
497 1011 766 1066 exponimus,
796 1012 861 1053 uti
892 1012 997 1055 ordo
1020 1013 1222 1069 postulat,
1255 1017 1615 1072 quemadmodum

88 1090 114 1115 a
145 1076 497 1131 praeceptoribus
529 1079 794 1135 accepimus,
836 1080 901 1121 uti
940 1081 977 1121 si
1009 1082 1082 1137 qui
1123 1082 1310 1125 voluerit
1340 1084 1406 1125 his
1438 1087 1613 1128 rationi-

88 1141 170 1184 bus
207 1143 435 1185 attendens
474 1146 536 1186 ita
575 1146 770 1201 ingredi,
817 1148 973 1199 habeat
1010 1151 1310 1206 proportiones
1360 1153 1613 1210 explicatas,

89 1210 245 1267 quibus
278 1212 526 1254 emendatas
559 1220 600 1255 et
630 1215 724 1255 sine
755 1216 876 1257 vitiis
908 1215 1080 1258 efficere
1110 1219 1248 1274 possit
1279 1220 1452 1262 aedium
1475 1237 1613 1264 sacra-

87 1293 183 1319 rum
222 1278 368 1321 dorico
406 1295 523 1322 more
560 1282 862 1338 perfectiones.
931 1283 1049 1326 frons
1089 1285 1209 1328 aedis
1243 1286 1415 1329 doricae
1446 1290 1491 1330 in
1521 1290 1614 1332 loco
1643 1303 1683 1333 15

88 1342 177 1402 quo*
203 1346 425 1389 columnae
456 1350 776 1392 constituuntur
806 1351 1048 1405 dividatur,
1083 1354 1119 1393 si
1150 1355 1401 1411 tetrastylos
1435 1358 1537 1412 erit,
1570 1359 1614 1400 in

87 1420 232 1470 partes
285 1427 439 1470 XXVII,
491 1417 528 1458 si
573 1417 847 1475 hexastylos,
901 1432 1084 1461 XXXXII.
1161 1436 1215 1462 ex
1265 1422 1331 1464 his
1386 1439 1483 1480 pars
1530 1441 1615 1467 una

88 1483 169 1523 erit
199 1481 413 1538 modulus,
447 1486 520 1540 qui
548 1500 702 1540 graece
732 1488 922 1541 εμβατης
952 1488 1125 1543 dicitur,
1167 1491 1287 1531 cuius
1318 1492 1483 1534 moduli
1515 1508 1613 1535 con-

87 1550 311 1592 stitutione
342 1551 744 1595 ratiocinationibus
783 1555 1029 1598 efficiuntur
1060 1558 1199 1599 omnis
1231 1560 1374 1614 operis
1406 1560 1612 1604 distribu—

87 1618 240 1659 tiones.
303 1619 545 1662 crassitudo
576 1621 869 1664 columnarum
892 1624 972 1665 erit
994 1623 1176 1667 duorum
1198 1625 1482 1681 modulorum,
1514 1629 1609 1671 alti·
1638 1644 1681 1673 20

85 1685 190 1727 tudo
235 1700 332 1728 cum
369 1687 558 1744 capitulo
597 1701 716 1730 XIIII.
784 1691 963 1747 capituli
1002 1693 1242 1734 crassitudo
1273 1695 1399 1736 unius
1432 1696 1611 1751 moduli,

85 1752 269 1795 latitudo
301 1753 483 1795 duorum
515 1762 556 1796 et
586 1756 751 1797 moduli
781 1765 931 1800 sextae
961 1761 1110 1815 partis.
1163 1762 1403 1804 crassitudo
1434 1765 1613 1821 capituli

87 1820 310 1862 dividatur
341 1822 385 1862 in
416 1828 558 1878 partes
590 1830 692 1878 tres,
726 1839 747 1865 e
769 1826 925 1881 quibus
959 1842 1042 1868 una
1072 1827 1265 1884 plinthus
1298 1844 1394 1871 cum
1425 1834 1612 1888 cymatio

85 1887 181 1941 fiat,
213 1887 349 1929 altera
381 1890 557 1932 echinus
590 1906 687 1932 cum
717 1893 880 1946 anulis,
920 1896 1046 1936 tertia
1078 1895 1449 1952 hypotrachelion.
1511 1915 1609 1941 con-

85 1955 278 1997 trahatur
311 1956 508 1999 columna
529 1959 587 2000 ita
609 1961 673 2001 uti
696 1961 740 2001 in
761 1962 889 2003 tertio
910 1961 1022 2004 libro
1045 1963 1098 2004 dc
1126 1965 1278 2006 ionicis
1303 1973 1364 2007 cst
1386 1969 1609 2024 scriptum.
1636 1983 1679 2012 ‘25

85 2023 279 2080 epistylii
310 2023 493 2067 altitudo
531 2028 656 2068 unius
695 2028 859 2070 moduli
898 2044 993 2071 cum
1023 2031 1168 2072 taenia
1199 2038 1240 2073 et
1270 2034 1427 2088 guttis,
1468 2037 1610 2077 taenia

85 2091 248 2132 moduli
285 2093 489 2148 septima,
528 2100 748 2149 guttarum
784 2096 1009 2152 longitudo
1050 2099 1129 2141 sub
1168 2101 1311 2141 taenia
1349 2108 1497 2143 contra
1534 2105 1608 2145 tri-

83 2157 268 2215 glyphos
309 2159 397 2201 alta
434 2175 530 2201 cum
574 2163 723 2218 regula
768 2171 889 2221 parte
936 2172 1059 2207 sexta
1101 2168 1265 2208 moduli
1303 2171 1608 2227 praependeat.

83 2225 187 2267 item
218 2227 412 2283 epistylii
441 2227 624 2271 latitudo
655 2231 741 2272 ima
771 2233 1033 2288 respondeat
1062 2233 1387 2291 hypotrachelio
1417 2253 1609 2280 summac

85 2293 320 2335 columnae.
381 2310 512 2352 supra
549 2297 799 2353 epistylium
838 2300 1092 2343 conlocandi
1131 2309 1231 2345 sunt
1269 2303 1481 2361 triglyphi
1512 2321 1608 2348 cum
1633 2322 1676 2352 30

174 2467 194 2497 5
220 2465 413 2499 latitudine
440 2468 542 2502 Phia:
570 2468 766 2502 altitudine
795 2471 871 2505 Gll.
905 2470 921 2515 Η
951 2474 970 2504 6
996 2472 1193 2506 latitudine
1212 2476 1265 2506 Hc
1284 2474 1362 2516 (sim
1391 2458 1604 2518 allitudine,

84 2532 148 2553 non
173 2523 286 2554 (Zeleia
309 2523 350 2554 ab
375 2525 471 2556 inicio
499 2535 520 2556 a
549 2527 680 2562 littera,
712 2528 786 2559 ideo
814 2528 1009 2561 altitudine
1041 2532 1138 2562 eliam
1164 2531 1258 2573 Ll(·):
1291 2532 1486 2565 altitudine
1522 2537 1548 2565 G
1573 2540 1604 2566 el

83 2583 160 2610 aule
185 2589 276 2612 corr.
308 2580 354 2610 ll.
394 2577 409 2622 Η
447 2581 466 2612 8
499 2580 680 2614 efficietur
711 2584 751 2614 H
780 2582 888 2625 (J.1‹·):
921 2586 1105 2620 efficiatur
1139 2588 1177 2622 G.
1217 2587 1231 2631 Η
1272 2590 1311 2620 12
1343 2590 1402 2630 qui
1435 2590 1472 2620 ll
1494 2590 1602 2632 (l1l‹·):

84 2640 161 2688 qu1⁵
181 2643 188 2688 Ι
211 2649 248 2681 G.
265 2644 280 2690 ΙΙ
299 2648 338 2679 17
356 2648 495 2681 XXVII
513 2649 616 2683 Plan:
644 2650 802 2684 XXVIII
823 2653 897 2684 GIl.
915 2650 930 2696 Η
954 2654 1128 2687 XXXXII
1145 2656 1249 2690 Phia:
1270 2657 1407 2688 XXXII
1436 2658 1511 2689 (ΙΙΙ.
1530 2656 1543 2700 Η
1564 2660 1604 2691 18

85 2702 248 2735 embates
276 2703 353 2736 Gll.
386 2701 400 2745 ΙΙ
432 2705 472 2735 21
499 2705 625 2739 XIIII:
650 2708 698 2739 si(-
725 2709 801 2740 (ΙΙΙ,
829 2706 843 2751 Η
875 2711 918 2741 23
943 2713 1018 2742 tres
1046 2712 1090 2749 H,
1116 2712 1172 2744 III
1201 2714 1236 2743 G.
1265 2710 1279 2754 ΙΙ
1308 2714 1465 2754 cymatio
1494 2715 1527 2744 ΙΙ
1547 2714 1602 2755 (1,,

86 2759 244 2791 comatio
270 2761 299 2791 Ic
329 2758 464 2801 [lzvfp]),
489 2761 637 2794 cimatio
673 2764 711 2798 G.
751 2762 764 2806 Η
802 2766 843 2796 24
876 2765 1178 2808 hypotracheliou
1213 2770 1315 2802 l'leae'l.:
1347 2770 1602 2810 ypotrachelio

87 2813 163 2844 GH.
194 2812 208 2857 Η
240 2815 282 2847 25
309 2815 477 2848 columna
502 2818 554 2849 II:
583 2819 711 2862 colfinq
741 2820 767 2851 G
785 2820 1049 2862 (ypotraehelio
1068 2825 1448 2868 contrahaturcolfinq
1464 2854 1470 2860 .
1486 2827 1538 2858 ita

87 2870 125 2901 G.
158 2871 273 2903 eadem
297 2876 375 2904 ante
400 2873 453 2905 ita
478 2875 702 2915 interpunctio
728 2877 761 2908 in
789 2876 857 2916 LI).
884 2875 901 2920 ΙΙ
935 2880 977 2911 ‘26
1003 2880 1128 2912 taenia
1156 2881 1204 2911 ll:
1232 2880 1358 2912 thcuia.
1386 2883 1423 2914 (ι’.
1449 2893 1527 2915 7710ae
1554 2883 1602 2924 (ιιι

85 2930 118 2956 et
143 2926 200 2967 27)
228 2926 380 2960 thaenia
406 2929 459 2967 H,
487 2930 614 2962 thenia
641 2932 680 2966 (ι’.
711 2930 726 2975 Η
759 2934 800 2964 23
826 2933 979 2967 moduli:
1008 2936 1103 2969 modi
1128 2941 1207 2968 ante
1232 2948 1323 2969 corr.
1348 2938 1396 2972 ll.
