1899 3322
46 1158 66 1187 6

540 232 601 262 DE
633 232 987 264 ARCHITECTURA
1020 236 1109 265 Lis.
1144 237 1171 265 1.
1562 225 1611 265 13

92 335 189 376 ficia
228 336 308 377 sub
340 335 415 375 diu
447 334 688 391 hypaethra
719 336 1049 376 constituentur.
1111 338 1259 378 horum
1293 339 1406 379 enim
1437 337 1615 378 deorum

92 409 133 444 et
170 404 336 459 speeies
377 410 419 443 et
455 402 630 443 effectus
668 402 714 442 in
749 409 897 459 aperto
934 404 1094 445 mundo
1132 411 1260 461 atque
1297 406 1457 446 lucenti
1496 419 1614 461 prae-

92 476 235 511 sentes
266 471 482 510 videmus.
524 469 750 509 Minervae
781 476 823 510 et
844 470 974 511 Marti
1007 477 1049 511 et
1072 471 1251 512 Herculi
1282 472 1410 513 aedes
1443 472 1616 513 doricae

90 537 208 578 fient.
275 537 342 578 his
382 538 495 578 enim
534 536 617 577 diis
649 544 826 593 propter
857 538 1063 578 virtutem
1095 539 1188 579 sine
1219 539 1387 580 deliciis
1419 539 1616 580 aedificia

91 605 297 645 constitui
337 605 474 646 decet.
544 604 706 646 Veneri
745 604 900 646 Florae
930 605 1214 661 Proserpinae
1246 607 1375 648 Fonti
1404 607 1614 663 Lumphis
1640 618 1659 646 5

92 672 304 713 corinthio
348 686 508 727 genere
545 673 805 713 constitutae
850 680 972 729 aptas
1018 673 1283 715 videbuntur
1320 674 1480 715 habere
1518 690 1613 731 pro-

91 741 320 796 prietates,
368 739 482 796 quod
527 740 594 780 his
640 740 725 781 diis
770 747 946 797 propter
990 742 1263 782 teneritatem
1308 742 1536 796 graciliora
1575 749 1616 782 ct

91 807 246 848 florida
282 807 486 863 foliisque
525 815 566 849 et
603 807 763 849 volutis
802 815 953 850 ornata
992 823 1121 864 opera
1159 809 1275 850 facta
1305 824 1464 864 augere
1496 809 1614 849 vide-

92 876 251 916 buntur
288 875 450 916 iustum
487 875 700 916 decorem.
768 875 925 918 Iunoni
954 877 1123 917 Dianae
1154 877 1314 918 Libero
1345 877 1464 918 Patri
1503 884 1613 917 cete-

89 944 234 998 risque
278 942 362 983 diis
407 944 481 999 qui
524 943 674 983 eadem
719 952 819 985 sunt
865 944 1150 986 similitudine
1197 946 1233 985 si
1279 945 1407 985 aedes
1452 946 1617 986 ionicae
1647 957 1684 984 ιω

92 1017 416 1064 construentur,
462 1010 610 1052 habita
655 1012 736 1052 erit
780 1013 890 1053 ratio
938 1012 1272 1065 mediocritatis,
1321 1013 1435 1068 quod
1483 1019 1524 1053 et
1561 1012 1615 1051 ab

91 1093 244 1119 severo
281 1093 400 1120 more
440 1078 683 1120 doricorum
723 1086 764 1120 et
801 1080 857 1121 ab
895 1082 1125 1121 teneritate
1164 1080 1471 1122 corinthiorum
1508 1086 1613 1120 tem—

91 1146 315 1202 perabitur
361 1161 507 1187 earum
551 1147 766 1188 institutio
813 1149 1105 1204 proprietatis.
1172 1149 1227 1189 ad
1259 1147 1614 1189 consuetudinem

89 1220 233 1254 autem
265 1213 393 1254 decor
424 1215 487 1255 sic
518 1215 799 1271 exprimitur,
840 1231 936 1257 eum
972 1216 1183 1257 aedificiis
1216 1216 1495 1257 interioribus
1527 1230 1612 1255 ma-

90 1282 260 1336 gnificis
292 1283 395 1323 item
426 1282 644 1323 vestibula
675 1285 977 1324 convenientia
1008 1292 1049 1324 et
1080 1283 1295 1338 elegantia
1333 1290 1456 1324 crunt
1486 1283 1613 1323 facta.
1643 1295 1682 1323 15

91 1351 127 1390 si
182 1351 296 1390 enim
347 1350 552 1391 interiora
597 1358 850 1407 prospectus
896 1351 1125 1392 habuerint
1172 1351 1417 1406 elegantes,
1471 1351 1614 1391 aditus

89 1423 234 1457 autem
264 1417 446 1459 humiles
479 1424 520 1458 et
550 1418 822 1473 inhonestos,
862 1434 948 1470 non
987 1426 1111 1461 erunt
1150 1434 1244 1461 cum
1285 1420 1452 1460 decore.
1512 1420 1615 1460 item

91 1486 127 1525 si
167 1484 325 1526 doricis
365 1484 580 1542 epistyliis
618 1487 663 1526 in
703 1489 869 1528 coronis
902 1487 1109 1528 denticuli
1141 1486 1389 1543 sculpentur
1419 1492 1493 1527 aut
1524 1486 1614 1541 pul—

92 1554 254 1593 vinatis
293 1552 492 1609 capitulis
531 1560 573 1594 et
610 1554 761 1595 ionicis
803 1555 1017 1611 epistyliis
1057 1556 1355 1611 exprimentur
1390 1554 1614 1610 triglyphi,

91 1620 312 1661 translatis
337 1636 390 1661 ex
411 1620 499 1660 alia
520 1622 688 1663 ratione
709 1623 1047 1679 proprietatibus
1080 1625 1125 1664 in
1155 1622 1275 1664 aliud
1305 1638 1441 1677 genus
1473 1623 1614 1678 operis
1640 1634 1683 1661 *20

93 1688 334 1730 offendetur
363 1695 586 1745 aspectus,
619 1690 716 1731 aliis
747 1698 847 1732 ante
878 1691 1041 1733 ordinis
1074 1691 1460 1733 consuetudinilms
1492 1691 1614 1730 insti-

90 1757 210 1797 tutis.
277 1757 485 1798 naturalis
523 1764 666 1798 autem
706 1759 836 1800 decor
876 1760 938 1800 sic
976 1761 1056 1800 erit
1076 1792 1087 1812 ,
1133 1760 1168 1799 si
1199 1759 1385 1814 primum
1415 1757 1615 1799 omnibus

92 1824 262 1880 templis
286 1824 593 1865 saluberrimae
615 1827 811 1880 regiones
842 1842 1135 1883 aquarumque
1165 1827 1304 1867 tontes
1335 1826 1380 1866 in
1411 1825 1477 1866 his
1510 1825 1614 1865 locis

92 1891 238 1933 idonei
261 1891 474 1947 eligentur
495 1894 539 1934 in
562 1894 716 1949 quibus
738 1894 839 1935 fana
870 1896 1206 1947 constituantur,
1239 1894 1396 1934 deinde
1426 1894 1614 1933 maxime

92 1960 352 2016 Aesculapio
392 1960 551 2015 Saluti,
590 1977 768 2017 quorum
808 1962 985 2003 deorum
1025 1962 1199 2018 plurimi
1238 1962 1464 2002 medicinis
1496 1962 1615 2015 aegri
1641 1971 1683 2001 ‘25

184 2203 199 2232 1
227 2201 303 2233 diu:
331 2202 413 2234 divo
443 2202 518 2234 GH.
537 2199 551 2244 Η
568 2202 771 2244 hypaethra
796 2204 866 2234 εὼς
893 2202 1145 2244 hypethraque
1174 2203 1212 2241 G,
1240 2201 1449 2243 hyph&raq;
1476 2203 1508 2232 H
1536 2200 1611 2244 (hy-

94 2257 262 2298 phetraq,
292 2256 416 2300 Llc).1]
442 2259 712 2290 constituentur
741 2259 776 2289 H
793 2258 942 2301 (Llecle):
969 2262 1167 2291 —tuuntur
1194 2260 1220 2290 G
1241 2260 1286 2299 (ct
1309 2264 1386 2291 (mle
1412 2270 1501 2292 corr.
1528 2258 1572 2300 c).
1593 2260 1607 2300 Η

93 2316 112 2345 3
138 2314 304 2345 videmus
333 2316 378 2345 G:
417 2314 570 2346 vidimus
596 2316 632 2345 Il
664 2314 818 2355 (GCLIe).
842 2313 858 2357 Η
880 2326 1043 2346 nunuruc
1069 2321 1147 2347 ante
1172 2326 1263 2347 corr.
1291 2316 1328 2346 (i.
1354 2313 1368 2356 Η
1392 2315 1503 2345 aedos
1535 2320 1612 2345 ante

93 2382 182 2403 corr.
213 2371 252 2402 G.
285 2371 299 2412 Η
330 2373 350 2401 4
377 2371 511 2402 diliciis
539 2372 632 2408 (illc,
657 2371 805 2402 dilicias
830 2377 908 2403 ante
933 2384 1023 2403 corr.
1053 2373 1095 2403 ll.
1130 2370 1145 2414 Η
1178 2374 1197 2403 5
1215 2372 1324 2402 Fonti
1352 2371 1525 2418 Lu'mphis
1551 2373 1609 2411 (ef.

93 2428 130 2461 G,
151 2428 181 2458 I.
200 2427 241 2460 L.
262 2426 294 2463 l,
314 2429 405 2459 1238
422 2427 613 2470 lumphieis
630 2441 674 2454 Ξ
692 2427 896 2469 νυμφαις);
924 2428 1097 2469 font1eym
1117 2428 1199 2469 plus
1220 2429 1247 2460 G
1266 2427 1373 2470 (phys
1393 2430 1463 2468 (is),
1492 2428 1609 2468 fonty-

95 2493 174 2514 cum
200 2483 291 2524 phys
319 2483 353 2513 H
379 2483 498 2525 (fonty
523 2484 663 2525 efiphys
691 2485 734 2524 P,
769 2484 872 2525 sonty
898 2485 940 2515 cst
968 2485 1060 2526 phys
1091 2485 1126 2521 Ι),
1161 2485 1309 2526 fontyci'l
1344 2484 1435 2525 phys
1460 2486 1485 2521 l,
1520 2485 1611 2514 sonti

95 2540 136 2570 οῦ
164 2539 244 2580 plus
270 2550 288 2570 c
315 2537 421 2580 [phys
447 2538 530 2581 cvm,
558 2540 686 2581 fontysl
714 2541 855 2581 nyphys
877 2552 915 2582 p,
943 2541 1060 2572 sontii]
1087 2541 1245 2582 nnnplus
1272 2541 1329 2581 L).
1362 2539 1377 2582 Η
1411 2542 1447 2571 11
1477 2541 1522 2571 ab
1549 2552 1609 2571 om.

95 2596 147 2635 (et
171 2595 314 2636 severo)
350 2595 386 2626 G.
425 2593 440 2638 Η
476 2598 517 2628 13
551 2606 674 2628 earum
706 2598 799 2628 ,Ιοικε
839 2607 961 2628 eorum
995 2598 1071 2631 Gll.
1105 2595 1119 2638 Η
1160 2598 1199 2628 16
1231 2600 1444 2638 prospectus
1478 2598 1529 2627 ml.
1560 2597 1611 2627 l=‘l.

95 2651 212 2693 (rec.):
250 2652 360 2693 per(p
388 2652 559 2691 (1¹)feetus
587 2653 664 2686 Gll.
705 2651 718 2695 Η
760 2654 799 2685 18
833 2656 895 2684 aut
927 2653 1148 2695 —triglyphi
1186 2654 1277 2684 .Ιο(·.;
1324 2656 1385 2684 aut
1424 2654 1458 2682 in
1492 2652 1610 2693 pulvi-

94 2709 191 2739 natis
231 2708 408 2739 columnis
441 2712 477 2739 et
516 2709 646 2740 ionicis
683 2709 966 2751 episty(i(r')liis
999 2710 1171 2751 capitulis
1205 2711 1452 2751 exprimentur
1484 2709 1609 2750 trigly-

93 2763 173 2805 phis
196 2763 404 2806 (trielyphis
430 2765 486 2806 ll)
509 2766 574 2795 (r'll
601 2764 687 2804 (sc-il.
713 2768 760 2797 ml
783 2766 885 2798 verba
910 2766 946 2796 in
973 2765 1172 2807 pulvinatis
1200 2766 1377 2796 columnis
1403 2767 1434 2795 ίη
1460 2767 1608 2806 nun-yz'ne

94 2820 271 2861 archetypi
286 2832 306 2851 a
324 2826 518 2853 eorrecisaerc
536 2822 741 2862 acts-criptmn
756 2823 862 2862 fuisse
887 2823 1017 2853 videtur
1042 2822 1224 2863 capitulis,
1244 2823 1333 2862 qnod
1349 2823 1380 2852 in
1395 2826 1520 2852 tamum
1538 2825 1609 2853 loeo

93 2877 206 2916 inepto
218 2881 340 2917 postea
354 2878 493 2909 inseruit
505 2878 664 2909 librarius
677 2890 697 2910 (ι
713 2890 775 2921 quo
788 2880 936 2920 pendent
952 2878 1044 2920 (r'll).
1061 2877 1075 2920 Η
1093 2882 1128 2910 21
1150 2879 1243 2909 alius
1258 2879 1356 2909 ›bk-lm.
1375 2875 1389 2919 Η
1406 2879 1449 2908 25
1464 2876 1536 2919 aes!
1550 2889 1608 2909 cu-

94 2942 154 2973 pio
172 2937 249 2963 ante
267 2944 355 2965 carr.
378 2936 415 2965 (1¹.
442 2932 456 2977 Η
480 2945 625 2975 quorum
653 2935 798 2968 deorum
819 2947 878 2977 eyn
897 2935 949 2975 (et
964 2947 997 2977 q,
1017 2936 1048 2966 d.
1071 2936 1186 2975 Lm·.):
1216 2940 1243 2975 (i
1266 2936 1364 2976 οἶμοι-ὖ
1393 2935 1501 2968 deors·
1522 2947 1591 2978 quo
