1909 3322
217 208 271 249 72
864 210 1073 240 VITRUVII

213 334 338 360 usum
381 319 472 358 sine
511 312 853 370 inpeditionibus
886 318 926 353 et
958 313 1071 353 circa
1103 311 1252 352 cellam
1283 311 1518 353 ambulatio
1548 313 1730 354 auctori-

214 393 359 426 tatem.
434 383 558 423 huius
598 387 741 422 autem
785 381 847 422 rei
886 380 994 421 ratio
1033 378 1321 436 explicabitur
1356 380 1432 420 sic.
1500 378 1618 421 frons
1649 379 1732 421 loci
1759 389 1777 420 7

218 468 325 508 quae
353 453 397 492 in
427 449 533 490 aede
565 449 799 490 constituta
829 447 982 500 fuerit,
1016 448 1052 488 si
1082 446 1335 503 tetrastylos
1359 445 1557 486 facienda
1587 446 1731 500 fuerit,

219 518 441 559 dividatur
488 517 531 557 in
575 522 719 572 partes
759 527 807 555 XI
830 527 851 557 S
899 521 1068 571 praeter
1107 513 1350 570 crepidines
1390 519 1431 554 et
1466 513 1732 569 proiecturas

173 596 192 625 5
219 587 452 641 spirarum,
485 585 521 624 si
552 598 629 624 sex
661 583 740 624 erit
772 582 1084 635 columnarum,
1124 582 1168 622 in
1199 587 1342 637 partes
1372 593 1505 622 XVIII.
1546 581 1582 622 si
1620 588 1734 622 octa-

216 652 352 708 stylos
392 652 696 704 constituetur,
743 649 964 692 dividatur
1000 650 1045 690 in
1090 660 1204 689 XXIV
1244 654 1284 689 et
1330 649 1567 690 semissem.
1633 649 1735 689 item

219 736 273 761 cx
310 720 376 760 his
414 718 611 775 partibus
651 718 744 758 sive
782 717 999 773 tetrastyli
1038 717 1130 757 sive
1160 715 1381 771 hexastyli
1413 718 1506 757 sive
1536 715 1736 772 octastyli

217 782 303 828 una
341 802 439 842 pars
480 791 672 827 sumatur
711 799 844 840 eaque
886 785 966 825 erit
995 778 1208 825 modulus.
1269 783 1387 824 cuius
1419 782 1581 824 moduli
1609 783 1736 824 unius

220 856 301 896 erit
332 853 572 895 crassitudo
605 851 908 893 colunmarum.
976 850 1306 893 intercolumnia
1338 849 1527 905 singula,
1568 856 1738 906 praeter

154 931 194 962 10
220 922 362 964 media
373 954 383 974 ‚
423 919 693 961 modulorum
731 919 911 960 duorum
950 925 990 960 ct
1029 917 1192 959 moduli
1230 923 1405 973 quartae
1442 920 1592 974 partiS.
1652 932 1737 958 me-

221 990 350 1030 diana
371 989 416 1029 in
447 987 587 1029 fronte
619 993 660 1027 ct
690 987 854 1042 postico
886 986 1055 1041 singula
1084 992 1253 1027 ternum
1283 984 1567 1027 modulorum.
1626 986 1739 1042 ipsa-

221 1072 316 1098 rum
349 1055 640 1096 columnarum
671 1053 854 1095 altitudo
892 1052 1161 1095 modulorum
1198 1065 1302 1093 VIIII
1342 1059 1383 1094 et
1414 1053 1622 1093 dimidiae
1652 1068 1739 1094 mo-

223 1123 313 1165 duli
344 1123 493 1179 partis.
554 1122 614 1161 ita
636 1135 690 1161 ex
722 1136 769 1161 ca
800 1120 1016 1162 divisione
1047 1119 1375 1162 intercolumnia
1405 1119 1741 1176 altitudinesque

224 1190 517 1231 columnarum
542 1187 764 1228 habebunt
795 1189 950 1228 iustam
976 1189 1199 1229 rationem.
1257 1187 1383 1228 huius
1406 1186 1627 1243 exemplar
1657 1187 1739 1228 Ro-
1767 1199 1787 1229 8

159 1267 198 1296 15
222 1272 317 1298 mae
333 1256 498 1298 nullum
518 1255 738 1308 habemus,
762 1254 838 1295 sed
859 1255 902 1296 in
920 1255 1026 1295 Asia
1043 1255 1130 1297 Teo
1149 1255 1406 1312 hexastylon
1418 1255 1568 1296 Liberi
1585 1256 1742 1296 Patris.

337 1324 423 1364 Eas
444 1330 585 1364 autem
608 1323 880 1379 symmetrias
912 1323 1134 1364 constituit
1156 1322 1449 1377 Hermogenes
1467 1355 1477 1375 7
1511 1322 1583 1378 qui
1615 1324 1743 1363 etiam

225 1393 386 1449 primus
426 1390 667 1447 octastylon
704 1390 1029 1446 pseudodipteri
1074 1391 1243 1431 invenit
1281 1391 1504 1431 rationem.
1579 1405 1634 1431 ex
1680 1390 1743 1431 di-

225 1460 338 1515 pteri
383 1460 495 1500 enim
539 1458 658 1513 aedis
698 1459 948 1514 symmetria
987 1457 1156 1498 distulit
1193 1458 1417 1498 interiores
1464 1458 1635 1499 ordines
1677 1472 1743 1499 co-

225 1527 466 1568 lumnarum
510 1537 694 1567 XXXVIII
738 1540 870 1581 caque
909 1526 1073 1566 ratione
1118 1531 1311 1580 sumptus
1358 1539 1594 1581 operasque
1633 1539 1744 1566 com-

160 1603 203 1633 20
227 1593 375 1650 pendii
414 1593 528 1634 fecit.
596 1593 631 1633 is
670 1593 714 1632 in
753 1592 893 1633 medio
929 1592 1212 1634 ambulationi
1249 1591 1542 1633 laxamentum
1573 1593 1747 1647 egregie

230 1662 341 1701 circa
365 1659 515 1701 collam
547 1661 663 1714 fecit,
696 1660 749 1700 de
780 1666 1041 1715 aspectuque
1071 1659 1178 1700 nihil
1209 1659 1412 1700 inminuit
1443 1659 1519 1700 sed
1550 1660 1642 1700 sine
1674 1659 1745 1700 de-

229 1728 387 1769 siderio
419 1743 780 1783 supervacuorum
811 1728 1084 1768 crmservavit
1113 1728 1414 1767 auctoritatem
1444 1726 1574 1767 totius
1607 1727 1746 1781 operis

231 1796 549 1836 distributione.
616 1802 876 1851 pteromatos
909 1794 1022 1835 enim
1051 1795 1160 1835 ratio
1192 1800 1233 1835 et
1264 1793 1558 1835 columnarum
1589 1794 1749 1834 circum

231 1863 380 1904 aedem
428 1862 653 1917 dispositio
710 1861 807 1902 ideo
865 1868 928 1902 est
984 1863 1163 1902 inventa
1218 1868 1265 1902 ut
1320 1868 1517 1918 aspectus
1574 1867 1749 1917 propter
1773 1871 1793 1901 9

322 2001 341 2030 3
367 1999 581 2030 si—fuerit
604 1999 641 2029 Il
667 1997 776 2038 (Lle):
805 2008 864 2029 om.
895 1998 922 2027 G
947 1997 1022 2038 (secl
1045 1999 1078 2029 in
1103 2008 1207 2039 marg.
1232 2000 1344 2038 suppl.
1373 1996 1442 2038 GC).
1474 1995 1488 2039 Η
1518 1997 1748 2038 tetrastylos:

233 2055 452 2095 &trastylos
477 2055 514 2085 H
540 2055 642 2094 (Leh,
668 2063 684 2085 ἰ
715 2054 899 2094 trastilos,
927 2054 1107 2095 etrasylos
1136 2054 1206 2093 Ge),
1239 2051 1253 2095 Η
1284 2055 1305 2085 4
1330 2053 1499 2085 undecim
1524 2054 1633 2085 semis
1657 2054 1749 2086 doaz

234 2112 387 2143 decusas
413 2111 520 2142 semis
548 2111 623 2141 GH.
654 2107 670 2152 Η
701 2112 929 2151 protecturas
961 2114 1038 2141 ante
1068 2120 1139 2143 ras,
1173 2110 1218 2140 H.
1252 2107 1266 2151 Η
1298 2110 1317 2140 5
1350 2110 1402 2140 in:
1443 2109 1538 2141 inter
1569 2114 1646 2141 (mle
1679 2120 1749 2141 ras.

234 2169 280 2199 ll.
304 2165 318 2209 Η
341 2167 467 2198 decem
494 2170 529 2198 et
554 2169 634 2197 octo
659 2166 749 2197 doen:
779 2165 903 2196 decem
932 2164 1061 2205 (—cim
1079 2165 1212 2204 HL-Lle)
1238 2176 1366 2197 novem
1395 2166 1459 2196 GH
1486 2164 1546 2204 (ex
1563 2165 1671 2197 VIIII
1685 2176 1750 2206 pro

234 2223 349 2264 VIII).
382 2220 396 2265 Η
429 2224 448 2253 6
478 2222 610 2263 viginti
642 2223 815 2261 quattuor
843 2221 935 2252 ιΙοικῑ
977 2222 1078 2252 XXV
1105 2221 1148 2259 G,
1182 2221 1312 2263 viginti
1343 2222 1499 2262 quinque
1530 2222 1566 2252 H
1598 2218 1703 2262 (Llc).
1733 2219 1748 2261 Η

235 2281 254 2312 9
281 2278 483 2310 crassitudo
508 2279 597 2309 doaz
624 2276 763 2308 —dinis
791 2277 866 2308 GH.
898 2274 912 2318 Η
952 2278 992 2307 10
1019 2277 1136 2309 media
1162 2277 1246 2308 Lor.
1281 2275 1466 2319 (mediana
1491 2276 1600 2318 Joc.):
1627 2277 1749 2308 medii]

238 2336 276 2371 G,
302 2335 457 2366 mediam
482 2335 519 2365 H
545 2333 661 2374 (—dia
677 2333 765 2372 Leo).
798 2330 812 2375 Η
847 2334 884 2363 11
912 2334 1070 2374 ipsarum
1087 2351 1129 2355 —
1147 2333 1370 2365 modulorum
1398 2334 1432 2364 H
1458 2332 1567 2374 (Llc):
1595 2344 1654 2365 om.
1675 2333 1712 2364 G.
1734 2331 1748 2373 Η

239 2392 278 2423 12
297 2393 380 2422 octo
407 2389 551 2431 (novem
574 2390 657 2421 Lor.
676 2389 719 2428 ef.
744 2400 776 2429 p.
798 2390 851 2424 73,
870 2387 924 2429 17)
952 2392 987 2419 et
1012 2389 1160 2430 dimidie
1187 2406 1228 2411 --
1255 2387 1326 2430 (14)
1355 2389 1602 2420 columnarum
1630 2388 1656 2419 G
1683 2388 1751 2428 (ed.

238 2446 323 2488 ffl.):
352 2457 412 2479 om.
438 2447 476 2477 Il
501 2446 586 2485 (Mc,
613 2446 687 2475 ilem
705 2446 756 2476 ecl.
774 2445 856 2484 pru).
888 2441 903 2485 Η
937 2446 977 2476 15
995 2444 1077 2476 theo
1100 2444 1176 2478 GH.
1210 2441 1224 2486 Η
1254 2444 1430 2476 exastilon
1451 2445 1526 2476 GH.
1560 2442 1574 2487 Η
1608 2446 1648 2476 16
1673 2444 1751 2476 her-

238 2512 408 2544 mogenes
433 2502 470 2532 H
488 2501 540 2541 (lc,
568 2501 667 2531 —nis
693 2498 751 2540 L),
777 2510 897 2530 —nzes
918 2504 954 2532 (ι’.
984 2497 999 2542 Η
1032 2502 1071 2532 17
1097 2500 1239 2531 invenit
1261 2499 1358 2539 (fort.
1377 2502 1551 2532 electione
1576 2500 1755 2541 archetypi

237 2569 342 2599 supra
367 2562 529 2598 corrupta
554 2558 675 2588 —iue
700 2556 879 2586 rationem
895 2556 1041 2597 scripta)
1064 2560 1142 2597 post
1159 2555 1294 2597 prissms
1311 2557 1391 2590 add.
1413 2557 1450 2594 G,
1477 2567 1537 2588 om.
1552 2557 1591 2587 H
1608 2554 1711 2597 (Lle).
1732 2554 1748 2595 Η

241 2613 446 2654 octastylon
462 2614 554 2645 λος-,ε
583 2612 785 2653 exostylum
805 2611 951 2652 ll(lcel1‚
975 2612 1088 2643 —lom
1106 2616 1183 2643 ante
1207 2622 1297 2643 corr.
1317 2614 1336 2648 l,
1363 2612 1567 2653 exastylum
1585 2611 1642 2653 L),
1669 2622 1753 2644 exa-

241 2670 327 2701 stila
356 2670 394 2702 G.
425 2667 438 2712 Η
467 2667 737 2711 pseudodipteri
762 2668 904 2699 invenit
928 2668 1106 2699 rationem
1131 2677 1208 2709 eyo:
1241 2667 1377 2708 pseudo
1410 2665 1753 2709 dipteriueratioinfi

241 2730 317 2756 ante
335 2736 424 2757 corr.
447 2726 484 2762 G,
504 2724 637 2767 speudo
657 2723 732 2764 (sic)
752 2723 885 2764 dipteri
902 2724 1129 2755 uei-ationem
1151 2723 1155 2762 Ι
1176 2724 1214 2754 II
1231 2723 1381 2764 (pseudo
1409 2723 1590 2764 dipteriue
1618 2723 1753 2754 rati0nt]

243 2782 282 2817 L,
310 2780 628 2823 pseudodipteriue
653 2779 790 2811 ratione
810 2779 863 2818 (1¹⁶,
891 2779 1025 2820 pseudo
1045 2779 1179 2821 dipteri
1197 2779 1380 2810 uexatione
1406 2780 1425 2816 Ι,
1452 2778 1753 2820 pseudodypteri-

244 2836 429 2867 ueratiom}
459 2848 476 2868 e
509 2835 815 2878 [-—-ueraltionem
842 2838 918 2866 (mle
949 2845 1037 2867 cor-1¹.
1063 2836 1100 2871 Iz,
1134 2852 1156 2856 —
1177 2833 1426 2874 uesrationem
1450 2833 1513 2875 lz⁶].
1545 2831 1559 2876 Η
1593 2835 1633 2866 18
1658 2845 1754 2875 sym-

244 2892 374 2922 metria
399 2894 467 2923 ed.:
498 2893 635 2924 —triae
663 2892 737 2924 GH.
768 2888 785 2933 Η
817 2890 960 2922 distulit
984 2891 1020 2921 ll
1046 2890 1154 2931 (Llc):
1181 2890 1331 2922 sustulit
1357 2890 1394 2921 G.
