1899 3322
84 1053 124 1084 17

575 201 636 230 DE
668 199 1018 230 ARCHITECTURA
1054 201 1143 230 Lm.
1175 202 1255 231 vu.
1598 192 1671 232 161

154 302 326 343 aedium
365 315 583 342 sacrarum
621 302 872 342 marmoreis
915 302 1115 357 operibus
1147 307 1321 343 ornatae
1353 301 1676 359 dispositioncs,

155 384 177 410 e
215 368 372 426 quibus
409 369 582 425 proprie
620 369 712 410 deis
750 369 1065 410 nominationes
1112 369 1350 411 clarissima
1391 369 1505 411 fama
1540 370 1675 412 nomi-

156 442 327 478 nantur.
387 452 565 493 quarum
599 435 882 478 excellentiae
913 436 1232 493 prudentesque
1263 438 1573 493 cogitationum
1603 454 1675 494 ap-

155 511 330 561 paratus
370 511 595 561 suspectus
633 505 793 545 habent
830 505 874 545 in
915 504 1093 546 deorum
1131 506 1403 547 caerimonia.
1471 506 1674 562 primum-

154 586 234 628 que
285 572 406 613 aedis
452 572 615 629 Ephesi
667 572 837 613 Dianae
888 571 1028 613 ionico
1080 586 1237 627 genere
1289 588 1313 613 a
1358 573 1677 630 Chersiphrone
1701 582 1721 613 5

153 639 317 681 Gnosio
363 646 405 681 et
447 639 536 681 filio
582 640 673 681 eius
712 639 942 695 Metagene
981 645 1045 680 est
1084 640 1311 693 instituta7
1358 655 1484 695 quam
1529 647 1677 697 postea

152 706 400 748 Demetrius
449 708 585 763 ipsius
626 707 794 748 Dianae
839 722 990 749 servus
1030 712 1071 747 et
1108 706 1322 747 Paeonius
1353 707 1569 762 Ephesius
1611 708 1672 748 di-

152 780 306 816 cuntur
342 775 593 831 perfecisse.
667 774 807 816 Mileti
846 774 1040 831 Apollini
1078 775 1183 815 item
1219 775 1373 815 ionicis
1412 776 1674 830 symmetriis

150 841 266 882 idem
304 842 517 884 Paeonius
555 842 843 898 Daphnisque
872 842 1069 884 Milesius
1106 841 1401 882 instituerunt.
1468 842 1675 883 Eleusine

151 908 322 950 Cereris
369 916 410 951 et
447 910 731 965 Proserpinae
777 908 927 950 cellam
973 910 1137 950 inmani
1173 908 1472 964 magnitudine
1510 909 1673 950 Ictinos
1702 921 1742 951 10

151 975 296 1018 dorico
326 992 444 1019 more
475 979 567 1019 sine
599 976 887 1018 exterioribus
920 976 1130 1019 columnis
1161 976 1215 1017 ad
1247 975 1541 1017 laxamentum
1571 992 1674 1017 usus

151 1044 462 1086 sacrificiorum
506 1046 710 1102 pertexit.
779 1060 873 1086 eam
917 1052 1060 1086 autem
1100 1050 1247 1101 postea
1291 1058 1386 1085 cum
1425 1043 1674 1084 Demetrius

148 1111 384 1153 Phalereus
423 1112 609 1154 Athenis
649 1127 791 1153 rerum
830 1113 1065 1169 potiretur,
1105 1111 1229 1152 Philo
1260 1118 1359 1152 ante
1390 1111 1596 1167 templum
1629 1113 1672 1152 in

148 1178 289 1220 fronte
322 1179 532 1222 columnis
565 1181 810 1222 constitutis
848 1179 1073 1236 prostylon
1105 1179 1221 1219 fecit.
1290 1180 1349 1220 ita
1381 1186 1506 1219 aucto
1540 1180 1670 1220 vesti-

147 1246 248 1288 bulo
273 1247 565 1289 laxamentum
588 1247 862 1288 initiantibus
885 1248 1090 1302 operique
1113 1261 1322 1287 summam
1344 1245 1504 1286 adiecit
1525 1253 1669 1287 aucto·
1700 1258 1738 1287 15

146 1315 332 1356 ritatem.
392 1316 437 1356 in
473 1322 570 1371 asty
609 1330 712 1356 vero
744 1314 994 1371 Olympium
1027 1313 1168 1369 amplo
1199 1312 1470 1355 modulorum
1502 1328 1670 1370 compa-

144 1389 240 1423 ratu
256 1382 478 1424 corinthiis
496 1383 759 1438 symmetriis
777 1389 818 1423 et
840 1381 1204 1438 proportionibus7
1227 1382 1290 1421 uti
1312 1396 1441 1437 supra
1462 1383 1668 1438 scriptum

146 1436 232 1502 est,
271 1449 643 1491 architectandum
682 1450 906 1491 Cossutius
946 1449 1187 1506 suscepisse
1220 1455 1506 1501 memoratur,
1547 1451 1669 1490 cuius

146 1518 498 1559 commentarium
527 1517 690 1558 nullum
723 1524 787 1558 est
816 1518 1056 1558 inventum.
1125 1530 1203 1556 nee
1239 1523 1383 1557 tamen
1413 1531 1438 1556 a
1469 1516 1669 1557 Cossutio

145 1584 282 1627 solum
327 1585 381 1626 de
422 1584 490 1625 his
528 1584 656 1626 rebus
697 1586 857 1641 scripta
896 1591 995 1625 sunt
1033 1583 1322 1624 desideranda
1361 1583 1435 1624 sed
1477 1584 1605 1623 etiam
1645 1598 1669 1623 a
1695 1595 1737 1624 20

146 1651 201 1694 G.
241 1652 407 1706 Mucio,
456 1653 529 1708 qui
574 1667 731 1707 magna
777 1653 957 1693 scientia
1002 1651 1187 1692 confisus
1232 1650 1352 1691 aedis
1392 1650 1580 1691 Honoris
1628 1658 1669 1691 et

238 1813 253 1843 1
280 1813 430 1844 sacroru
467 1816 545 1844 ante
581 1823 671 1846 corr.
706 1812 743 1844 G.
784 1809 800 1854 Η
837 1811 1061 1853 dispotiones
1097 1815 1175 1842 ante
1214 1821 1305 1842 corr.
1343 1810 1390 1841 II.
1426 1807 1441 1852 Η
1477 1810 1557 1841 deis
1587 1821 1664 1851 φησι

147 1867 248 1900 dehis
269 1869 346 1901 GH.
369 1866 385 1911 ΙΙ
407 1870 426 1900 3
445 1878 593 1910 quarum
613 1868 731 1900 Solem:
760 1878 908 1909 quorum
937 1868 1014 1901 GH.
1037 1865 1052 1909 ΙΙ
1079 1866 1269 1909 prudentis
1290 1866 1326 1897 H
1343 1865 1446 1905 (Lle).
1472 1863 1486 1908 Η
1507 1868 1527 1896 4
1547 1869 1664 1897 caeri-

144 1936 265 1968 monia
292 1935 357 1976 (vel
380 1937 477 1967 eliam
503 1935 735 1976 caerimonio,
763 1933 983 1977 ceremonio)
1010 1945 1088 1975 890:
1119 1932 1343 1975 }sesemaneo
1372 1933 1398 1965 G
1423 1921 1664 1974 (sesestuancit

147 1990 225 2033 δι’),
259 1991 498 2033 seseffmaneo
523 1992 561 2023 H
593 1992 688 2032 (sese
720 2002 849 2023 maneo
881 1991 934 2027 LI,
960 2000 1174 2023 sesemaneo
1200 1989 1267 2030 cle).
1297 1987 1311 2031 Η
1348 1990 1368 2020 5
1394 1988 1502 2020 aedes
1536 1989 1610 2022 GH.

146 2047 411 2089 abcresiphone
440 2048 507 2079 GH
532 2048 594 2087 (L,
627 2048 885 2089 abt-tisiphone
911 2050 939 2088 l,
968 2046 1189 2088 abcriphone
1222 2044 1288 2087 cle).
1322 2043 1336 2087 ll
1373 2045 1392 2075 6
1418 2048 1608 2086 metagene
1638 2046 1664 2076 G

145 2102 224 2144 (L):
250 2104 436 2145 metagine
461 2104 498 2135 H
523 2103 593 2143 (lc).
617 2102 631 2146 Η
652 2104 838 2135 instituta:
864 2104 913 2134 sic
940 2103 1006 2134 GH
1032 2102 1088 2142 (L,
1116 2102 1319 2134 constituta
1343 2101 1381 2132 ch
1409 2098 1482 2141 [υ]).
1506 2098 1519 2142 ΙΙ
1544 2102 1561 2132 ῖ
1589 2112 1663 2132 ser—

143 2170 207 2192 vos
232 2160 269 2190 H
294 2157 369 2200 (L).
407 2157 422 2201 ῙΙ
459 2160 636 2201 poeonius
664 2160 707 2195 G,
733 2160 908 2201 paeonius
933 2159 970 2189 H
994 2158 1041 2198 (e,
1069 2159 1222 2200 peonius
1252 2157 1322 2197 LI).
1360 2158 1435 2188 item
1465 2156 1558 2195 infra
1584 2168 1609 2187 υ,
1642 2160 1661 2187 9

145 2215 314 2257 (peonius
341 2214 430 2255 Lle).
456 2213 470 2256 ΙΙ
500 2215 520 2246 8
545 2214 669 2246 meleti
695 2216 762 2247 Gll
779 2214 885 2256 (me).
915 2212 930 2256 1}
964 2214 1126 2255 apolloni
1145 2214 1181 2245 G.
1204 2212 1217 2255 [Ι
1241 2215 1260 2244 9
1286 2213 1378 2244 idem
1407 2212 1451 2242 G:
1483 2212 1598 2243 eidem
1626 2213 1662 2242 ll

145 2271 249 2311 (Lelc,
276 2270 401 2302 eodem
428 2274 505 2301 ante
522 2271 585 2311 ips.
610 2281 701 2302 corr.
719 2273 757 2311 l).
785 2269 800 2313 Η
832 2270 986 2312 daphnis
1014 2270 1055 2302 G:
1089 2269 1257 2311 daphinis
1289 2269 1326 2299 II
1359 2268 1413 2308 (L.
1447 2267 1606 2308 diphinis
1638 2269 1659 2301 l,

143 2327 310 2368 dephinis
335 2337 362 2363 c,
388 2326 566 2368 dephynis
591 2327 663 2363 ech,
688 2328 751 2358 sed
773 2328 810 2358 hc
835 2326 1065 2367 delphynus).
1089 2323 1104 2367 Π
1129 2327 1168 2357 10
1195 2325 1330 2357 cereris
1357 2326 1383 2355 G
1409 2323 1513 2363 <hlefi
1544 2324 1659 2354 021&oe

142 2384 192 2415 ris
216 2384 254 2414 H
279 2382 341 2422 (ch,
358 2381 482 2414 e&eris
500 2387 577 2414 ante
595 2394 684 2417 corr.
702 2382 737 2423 l).
760 2380 774 2425 ΙΙ
799 2382 933 2414 ictinus
953 2384 991 2422 G,
1018 2383 1083 2414 icti
1100 2407 1106 2413 .
1121 2392 1186 2412 nos
1212 2382 1248 2412 Il
1274 2381 1321 2421 (et
1340 2381 1378 2415 L,
1406 2380 1538 2410 ictinos
1563 2378 1618 2417 lv).
1642 2380 1643 2384 ’

145 2441 185 2470 12
210 2438 368 2480 pertexit
393 2439 428 2469 H
454 2436 566 2479 (Llc):
593 2439 777 2480 pertexuit
804 2439 842 2472 G.
876 2436 890 2480 Η
922 2448 1002 2470 eam
1026 2439 1097 2471 ed.:
1131 2448 1174 2469 ea
1202 2438 1278 2469 GH.
1311 2433 1326 2478 ΙΙ
1359 2436 1552 2475 ‹lemetriys
1581 2436 1617 2467 G.
1640 2444 1641 2470 1

145 2497 185 2526 13
210 2494 332 2526 Philo:
357 2495 406 2526 sic
433 2495 501 2526 GH
516 2493 620 2536 (Llc).
647 2491 664 2537 ss
697 2496 736 2527 15
762 2494 994 2526 initiantibus
1022 2494 1064 2525 G:
1091 2494 1322 2525 initientibus
1348 2493 1384 2523 ΙΙ
1410 2491 1478 2531 (clf.
1507 2490 1657 2521 inicien-

141 2551 240 2582 tibus
265 2551 312 2589 L,
339 2550 488 2581 initient
512 2556 590 2582 ante
614 2561 704 2584 corr.
731 2550 767 2590 Ι).
799 2548 814 2592 l]
847 2550 982 2581 adiecit
1014 2549 1059 2581 G:
1092 2550 1230 2581 adfecit
1257 2550 1292 2580 ll
1316 2546 1360 2589 [f]
1389 2546 1526 2586 (affecit
1551 2545 1616 2587 elz),
1640 2545 1653 2560 '¹‘

145 2608 185 2639 16
212 2607 284 2638 asti
312 2606 339 2638 G
363 2605 436 2647 (le),
464 2609 544 2646 asty
568 2607 606 2637 H
631 2606 705 2647 (L).
736 2604 750 2648 Η
779 2606 982 2647 Olympium
1007 2605 1125 2636 Solem:
1153 2604 1348 2645 adolimpiss
1378 2604 1413 2635 G.
1447 2601 1656 2641 adadolym—

143 2666 239 2705 piom
270 2668 348 2694 ante
378 2672 468 2696 corr.
502 2662 549 2700 H,
576 2661 818 2703 adolympium
852 2663 905 2693 ch
930 2660 1033 2702 (Lle).
1064 2659 1079 2704 ΙΙ
1111 2661 1147 2692 in
1174 2660 1292 2702 amplo
1321 2660 1358 2690 L.
1388 2656 1402 2699 ΙΙ
1435 2659 1473 2688 ἱῖ
1500 2656 1654 2689 uti.SS.

143 2721 160 2751 ἱ·
188 2719 225 2756 G,
250 2719 324 2750 uti.
342 2717 364 2750 S
381 2743 387 2749 .
403 2718 424 2749 S
441 2743 446 2749 .
464 2715 535 2758 ζεεῐ
561 2718 597 2749 H
622 2717 711 2758 (item
742 2719 802 2751 Le.
827 2718 890 2748 sed
912 2727 970 2751 ,ss
995 2715 1032 2759 l).
1063 2714 1077 2758 ΙΙ
1111 2719 1151 2749 18
1177 2716 1356 2748 eossutius
1377 2715 1403 2743 G
1420 2713 1498 2753 (lec),
1525 2722 1655 2753 quosu-

143 2775 215 2806 tius
241 2775 287 2810 H,
306 2775 513 2816 quossutius
537 2775 592 2805 Hc
617 2772 719 2815 (quos
739 2774 854 2805 sutius
875 2771 1190 2814 1,,(1ιιοεῐειιεοῑιιε
1215 2775 1234 2811 l,
1262 2771 1306 2812 qd
1327 2770 1442 2800 sutius
1468 2781 1485 2799 e
1515 2774 1547 2800 et
1577 2773 1654 2799 aule

143 2841 233 2863 corr.
249 2828 298 2873 lc).
320 2828 335 2872 [Ι
359 2832 399 2862 19
424 2831 607 2862 acussutio
628 2831 664 2862 G.
695 2827 710 2873 Η
738 2832 780 2861 ‘20
803 2830 909 2860 etiam
926 2853 932 2860 .
949 2839 1007 2860 Aci
1021 2853 1028 2861 .
1045 2830 1155 2860 mutio
1189 2830 1230 2863 G,
1263 2827 1369 2858 &iam
1385 2850 1391 2856 .
1408 2825 1435 2855 A
1452 2851 1458 2857 .
1474 2826 1502 2856 G
1519 2849 1526 2856 .
1543 2824 1655 2855 mutio

143 2886 181 2918 II
205 2885 310 2926 (Lze).
343 2883 358 2927 Η
390 2887 429 2917 21
459 2886 560 2918 aedis
590 2887 696 2918 Marx:
725 2885 833 2918 aedes
860 2884 937 2919 GII.

188 2951 339 2977 vl'rnuv.
364 2952 409 2973 m:
435 2952 584 2975 AncmT.
1338 2937 1383 2977 11
