1899 3322
641 228 700 256 DE
733 228 1083 265 ARCHITEC'H‘RA
1104 233 1207 262 Lm.
1239 235 1299 263 vt.
1647 228 1724 267 133

209 332 273 366 est
303 325 519 367 fructuum
556 342 743 381 summa,
782 329 920 370 nullas
959 331 1054 386 plus
1095 332 1278 375 habendi
1320 350 1413 376 esse
1443 339 1721 379 necessitates

209 407 386 449 eamque
417 409 510 435 esse
541 396 845 451 proprietatem
876 397 1129 439 divitiarum
1166 403 1351 441 maxime
1362 435 1372 455 ⁷
1411 403 1520 444 nihil
1552 404 1719 446 deside-

207 475 314 500 rare.
379 461 455 501 scd
494 461 602 503 forte
639 463 833 504 nonnulli
880 464 986 505 haec
1031 464 1144 506 levia
1182 468 1421 510 iudicantes
1460 478 1612 527 putant
1648 488 1718 515 eos

207 542 299 568 esse
321 529 535 584 sapientes
566 530 639 585 qui
664 532 846 586 pecunia
872 539 969 573 sunt
992 533 1168 588 copiosi.
1220 535 1362 591 itaque
1385 537 1576 594 plerique
1597 540 1652 580 ad
1675 540 1718 580 id

205 596 472 651 propositum
503 598 808 639 contendentes
838 598 1020 640 audacia
1049 599 1243 641 adhibita
1276 617 1371 643 cum
1393 605 1559 647 divitiis
1592 609 1718 648 etiam
1745 620 1764 649 5

205 663 404 703 notitiam
424 670 523 705 sunt
545 666 777 706 consecuti.
829 680 907 720 ego
929 672 1085 719 autem,
1118 667 1291 721 Caesar⁷
1314 684 1398 710 non
1418 672 1473 711 ad
1494 676 1718 728 pecuniam

206 729 438 785 parandam
470 745 525 771 ex
554 738 646 773 arte
677 732 776 773 dedi
808 733 1020 785 studium,
1059 734 1135 774 sed
1167 736 1307 790 potius
1338 739 1591 780 tenuitatem
1623 756 1717 781 cum

204 796 317 837 bona
346 796 460 837 fama
490 813 616 854 quam
646 800 957 840 abundantiam
997 815 1093 841 cum
1124 802 1302 843 infamia
1332 806 1593 859 sequendam
1623 823 1716 862 pro-

203 863 318 904 bavi.
379 864 474 905 ideo
512 867 687 908 notities
722 881 872 922 parum
912 873 976 907 est
1004 867 1228 922 adsecuta,
1269 870 1345 910 sed
1376 878 1518 912 tamen
1548 874 1612 913 his
1646 890 1716 915 vo-

202 930 436 973 luminibus
469 932 610 986 editis,
648 940 694 975 ut
724 948 870 989 spero,
903 934 1030 974 etiam
1063 937 1246 989 posteris
1278 951 1348 977 ero
1379 945 1520 979 notus.
1579 956 1717 997 neque
1748 954 1783 981 10

202 1005 267 1039 est
297 998 540 1040 mirandum
578 1001 681 1056 quid
718 1002 778 1041 ita
815 1000 1012 1056 pluribus
1052 1002 1133 1042 sim
1169 1004 1356 1057 ignotus.
1417 1008 1548 1047 ceteri
1578 1008 1715 1048 archi-

200 1067 305 1106 tecti
332 1073 487 1121 rogant
517 1073 559 1108 et
587 1067 784 1109 ambiunt
811 1074 858 1108 ut
879 1067 1227 1123 architectentur7
1260 1071 1365 1111 mihi
1385 1079 1529 1113 autem
1550 1089 1573 1114 a
1596 1090 1714 1130 prae-

200 1133 445 1189 ceptoribus
468 1140 532 1175 est
552 1134 759 1175 traditum
780 1142 978 1190 rogatum
1005 1150 1091 1176 non
1118 1144 1340 1191 rogantem
1363 1146 1559 1194 oportere
1581 1144 1713 1183 susci-

199 1214 300 1256 pere
331 1214 496 1255 curam,
537 1201 650 1256 quod
688 1203 900 1256 ingenuus
941 1201 1057 1243 color
1092 1211 1290 1244 movetur
1327 1206 1490 1260 pudore
1528 1209 1712 1263 petendo

196 1281 286 1307 rem
325 1268 618 1323 suspiciosam.
679 1283 778 1309 nam
822 1269 1080 1309 beneficium
1127 1269 1278 1312 dantes
1323 1287 1408 1313 non
1453 1276 1712 1330 accipientes
1743 1287 1781 1317 15

197 1334 458 1376 ambiuntur.
529 1335 633 1391 quid
679 1337 791 1376 enim
836 1344 1034 1392 putemus
1080 1339 1290 1393 suspicari
1335 1341 1408 1394 qui
1446 1349 1622 1396 rogetur
1659 1344 1712 1383 de

196 1403 453 1457 patrimonio
492 1409 686 1458 sumptus
726 1404 945 1445 faciendos
991 1405 1258 1445 committere
1300 1407 1465 1460 gratiae
1509 1412 1710 1464 petentis,

196 1470 280 1510 nisi
323 1470 508 1525 praedae
554 1470 881 1526 compendiique
927 1471 1017 1511 eius
1057 1485 1185 1511 eausa
1223 1473 1384 1513 iudicet
1429 1474 1710 1517 faciundum?

195 1537 340 1592 itaque
369 1537 550 1578 maiores
581 1538 765 1594 primum
796 1552 821 1578 a
850 1552 1009 1592 genere
1049 1538 1242 1594 probatis
1281 1554 1453 1595 operam
1483 1543 1708 1585 tradebant

192 1604 461 1656 architectis,
493 1604 651 1645 deinde
681 1605 943 1661 quaerebant
975 1606 1011 1645 si
1040 1605 1220 1646 honeste
1251 1614 1393 1647 essent
1424 1608 1613 1662 educati,
1649 1612 1707 1650 111-
1735 1622 1778 1650 20

191 1686 331 1726 genuo
361 1672 516 1727 pudori
545 1687 630 1713 non
659 1672 867 1712 audaciae
896 1673 1191 1727 protervitatis
1221 1675 1574 1716 committendum
1596 1677 1706 1717 iudi-

193 1745 353 1779 cantes.
404 1739 488 1794 ipsi
517 1745 662 1780 autem
692 1739 878 1780 artifices
909 1754 994 1780 non
1025 1739 1280 1780 erudiebant
1309 1742 1396 1781 nisi
1428 1757 1524 1782 suos
1548 1742 1706 1785 liberos

190 1812 264 1846 aut
295 1813 498 1860 cognatos
531 1812 572 1846 et
595 1820 665 1847 eos
687 1807 802 1847 viros
824 1806 959 1848 bonos
981 1807 1280 1859 instituebant,
1313 1808 1468 1863 quibus
1490 1816 1705 1851 tantarum

189 1888 332 1914 rerum
362 1872 464 1913 fidei
494 1873 699 1929 pecuniae
731 1874 822 1914 sine
854 1873 1123 1914 dubitatione
1153 1874 1517 1929 permitterentur.

303 1940 412 1981 Cum
442 1947 586 1981 autem
616 1941 914 1981 animadverto
955 1940 1009 1981 ab
1040 1940 1226 1982 indoctis
1259 1947 1300 1982 et
1331 1942 1528 1997 inperitis
1560 1951 1703 1985 tantae
1729 1958 1770 1987 25

190 2006 444 2063 disciplinae
487 2007 831 2062 magnitudinem
874 2008 1046 2061 iactari,
1094 2015 1134 2048 et
1171 2008 1226 2048 ab
1266 2009 1302 2048 is
1344 2011 1417 2064 qui
1454 2011 1702 2051 110111110110

189 2074 500 2115 architecturae
530 2074 606 2115 sed
635 2076 807 2116 omnino
828 2090 882 2115 ne
902 2074 1093 2115 fabricae
1115 2075 1287 2131 quidem
1309 2077 1506 2117 notitiam
1528 2077 1700 2130 habeut,

186 2156 271 2182 non
301 2156 475 2198 possum
512 2157 597 2182 non
627 2141 803 2182 laudare
841 2148 984 2197 patres
1026 2141 1285 2182 familiarum
1325 2158 1396 2183 eos
1435 2145 1507 2198 qui
1539 2144 1698 2185 littera-

184 2213 306 2249 turae
336 2208 493 2249 fiducia
524 2209 764 2250 confirmati
801 2223 877 2264 per
914 2223 959 2249 56
995 2208 1272 2250 aedificantes
1310 2211 1370 2250 ita
1406 2210 1620 2263 iudicant,
1663 2213 1699 2253 si

276 2403 293 2432 1
319 2402 475 2433 fructum
499 2406 577 2433 ante
601 2412 690 2434 corr.
719 2402 745 2431 (ῗ
776 2399 856 2442 (non
880 2400 939 2443 E).
971 2399 985 2443 Η
1023 2400 1143 2432 nullas
1170 2424 1205 2433 ..
1227 2425 1234 2432 .
1261 2402 1500 2433 necessitates
1529 2402 1589 2432 Et:
1616 2403 1695 2442 (L):

185 2456 285 2488 nulla
312 2481 318 2488 .
339 2482 345 2488 .
367 2482 373 2488 .
399 2458 639 2489 necessitates
666 2458 702 2489 ΙΙ
725 2457 797 2498 (lc).
825 2454 840 2498 Η
872 2459 890 2487 2
916 2457 1071 2489 maxime
1098 2456 1188 2488 nihil
1213 2456 1426 2489 desiderar&
1450 2462 1528 2488 ante
1552 2470 1641 2490 corr.
1666 2460 1695 2489 l«)

185 2512 264 2553 (non
292 2513 336 2549 G,
364 2513 516 2544 maxime
549 2513 578 2544 si
603 2513 694 2544 nihil
725 2512 928 2544 desiderare
966 2512 1040 2552 Ec).
1072 2510 1087 2554 {l
1119 2515 1138 2544 3
1169 2516 1299 2555 putant
1326 2524 1386 2545 cos
1418 2515 1487 2544 erla
1522 2518 1692 2554 putantes

186 2579 227 2600 eo
248 2567 254 2610 Ι
276 2569 321 2605 ΙΙ,
348 2571 520 2610 putantes
546 2579 606 2600 eos
633 2569 696 2600 EG
728 2567 830 2609 (hle).
868 2566 883 2609 Η
920 2569 939 2599 4
964 2568 1140 2610 pleru'ique
1167 2570 1199 2600 E
1231 2569 1310 2610 (non
1338 2569 1390 2609 G).
1424 2566 1439 2610 Η
1476 2572 1494 2599 0
1528 2571 1691 2601 notities:

182 2626 232 2656 sic
256 2625 358 2657 EGH
383 2622 437 2665 (lc,
463 2625 612 2655 notitias
637 2625 678 2662 L,
705 2626 803 2655 —tia
829 2625 900 2663 LO).
934 2622 948 2666 Η
982 2626 1022 2656 10
1049 2625 1159 2656 etiam
1184 2627 1358 2667 posteris:
1383 2626 1431 2655 sie
1460 2625 1566 2656 FGII.
1600 2623 1613 2665 l,
1654 2628 1690 2656 12

186 2680 348 2712 ambiunt
375 2680 451 2711 EG:
478 2680 667 2721 ambigunt
690 2681 727 2711 H
754 2680 858 2721 (Llc).
891 2679 904 2721 Η
937 2680 1224 2712 architectentur
1248 2683 1319 2714 ed.:
1354 2681 1596 2711 architectent
1631 2682 1690 2711 Eli

185 2735 267 2775 (LI),
295 2735 541 2767 architeutent
559 2736 595 2767 Il
619 2735 699 2777 (ele).
727 2733 742 2778 ΙΙ
771 2738 810 2767 17
837 2735 994 2777 petentis
1013 2737 1059 2767 L:
1093 2739 1260 2778 petentes
1285 2736 1484 2777 (1›a&entes
1511 2736 1559 2774 ll)
1590 2737 1689 2767 Elill

184 2790 256 2832 (lc).
289 2789 304 2834 ΙΙ
337 2793 377 2824 18
404 2791 612 2823 faciundum
639 2793 675 2822 ΙΙ
699 2791 810 2832 (La->2
837 2791 1042 2823 faciendum
1062 2792 1134 2823 EG.
1163 2790 1178 2834 [Ι
1214 2794 1251 2824 19
1271 2802 1434 2833 operam:
1460 2793 1508 2821 sic
1526 2793 1621 2830 (fir-'1
1643 2793 1686 2831 la')

187 2846 296 2878 EGH.
329 2845 344 2888 Η
375 2848 418 2879 20
442 2847 598 2888 ingenuo
632 2847 713 2878 Gll:
747 2848 892 2887 ingenio
918 2847 948 2877 E
981 2847 1084 2888 (lde).
1117 2846 1132 2890 Ι]
1163 2850 1205 2879 21
1238 2847 1335 2878 fidei:
1374 2848 1421 2877 sic
1454 2846 1565 2877 EGll.
1599 2844 1614 2887 {l
1646 2849 1686 2878 26

180 2902 227 2932 is:
254 2901 310 2933 his
338 2902 448 2937 EGH.
478 2900 495 2945 11
524 2904 567 2935 28
593 2902 830 2934 familiarum:
855 2904 904 2934 sic
929 2903 1042 2937 EGII,
