1899 3322
601 259 664 289 DE
695 258 1053 290 ARCHITECTURA
1087 262 1177 291 LlB.
1210 263 1238 292 I.
1654 267 1679 291 ί)

152 362 369 404 infinitum
407 376 631 402 numerum
678 361 895 402 exercitus
935 362 1164 405 Persarum
1203 380 1298 406 cum
1338 366 1676 421 superavissent,

152 436 248 472 acto
289 445 384 471 cum
428 429 567 485 gloria
605 428 821 485 triumpho
860 428 1094 485 spoliorum
1134 439 1174 473 et
1212 432 1397 488 praedae
1406 465 1418 486 ,
1465 434 1676 489 porticum

152 499 372 540 Persicam
412 512 466 538 ex
506 497 744 550 manubiis,
790 496 932 538 laudis
972 504 1013 539 et
1051 500 1226 541 virtutis
1275 501 1435 542 civium
1472 501 1675 555 indicem,

151 566 360 608 victoriae
381 566 564 622 posteris
587 581 664 622 pro
685 571 863 621 tropaeo
885 567 1215 620 constituerunt,
1239 568 1385 624 ibique
1408 571 1675 625 captivorum

152 633 381 677 simulacra
411 633 638 675 barbarico
661 634 796 674 vestis
828 638 994 686 ornatu,
1028 634 1229 690 superbia
1260 637 1425 678 meritis
1458 638 1674 679 contumc-
1701 667 1707 675 .

150 702 221 744 liis
252 702 426 758 punita,
466 702 725 743 sustinentia
761 707 922 742 tectum
962 700 1316 757 conlocaverunt,
1355 706 1417 745 uti
1458 711 1499 745 ct
1529 705 1675 746 hostes

150 772 470 823 horrescerent,
508 770 662 811 timore
693 783 839 810 eorum
869 768 1139 811 fortitudinis
1172 771 1368 824 effectus,
1410 780 1451 813 et
1482 774 1599 814 cives
1630 773 1675 814 id

151 837 396 895 exemplum
427 837 602 878 virtutis
632 837 894 892 aspicientes
933 836 1070 892 gloria
1109 839 1241 879 erecti
1271 839 1326 879 ad
1358 839 1676 881 defendendam

149 906 396 948 libertatem
427 911 570 946 essent
600 905 754 960 parati.
815 905 962 960 itaque
991 920 1044 946 ex
1074 922 1122 947 eo
1145 905 1269 948 multi
1292 913 1455 948 statuas
1478 907 1674 949 Persicas

151 975 413 1017 sustinentes
454 971 658 1029 epistylia
697 978 738 1013 et
778 979 1027 1014 ornamenta
1060 988 1206 1015 eorum
1238 973 1592 1027 conlocaverunt,
1634 983 1673 1016 ct

148 1044 210 1084 ita
241 1057 296 1083 ex
327 1056 375 1083 eo
405 1046 658 1096 argumento
697 1041 930 1082 varietates
969 1043 1166 1096 egregias
1203 1049 1418 1084 auxerunt
1457 1043 1672 1099 operibus.

149 1111 253 1152 item
284 1115 383 1151 sunt
412 1108 522 1149 aliae
553 1108 746 1149 eiusdem
777 1109 948 1163 generis
987 1109 1216 1164 historiae,
1258 1124 1439 1166 quarum
1475 1111 1673 1152 notitiam

147 1178 405 1220 architectos
445 1184 591 1218 tenere
632 1183 814 1233 oportet.
876 1176 1147 1233 philosophia
1187 1192 1288 1219 vero
1329 1178 1497 1234 perficit
1534 1178 1671 1219 archi-

146 1252 307 1289 tectum
345 1245 489 1286 animo
534 1258 691 1299 magno
729 1250 771 1285 et
809 1244 870 1285 uti
908 1259 993 1286 non
1033 1246 1089 1286 sit
1126 1245 1363 1301 adrogans,
1410 1246 1487 1287 sed
1529 1247 1672 1302 potius

147 1313 289 1357 facilis
327 1328 488 1370 aequus
529 1319 571 1354 et
608 1311 748 1353 fidelis
789 1313 881 1353 sine
918 1313 1124 1366 avaritia,
1167 1313 1281 1369 quod
1319 1321 1382 1355 est
1419 1314 1670 1367 maximum,
1730 1335 1740 1346 x

146 1381 311 1424 nullum
344 1383 457 1423 enim
488 1396 595 1437 opus
626 1394 729 1421 vere
760 1381 853 1421 sine
883 1380 968 1420 tide
999 1386 1040 1421 et
1069 1381 1268 1422 castitate
1288 1381 1382 1422 fieri
1403 1387 1560 1437 potest.
1619 1396 1673 1421 nc

147 1451 204 1492 sit
235 1449 418 1505 cupidus
448 1463 587 1505 neque
618 1449 663 1489 in
693 1447 943 1489 muneribus
981 1449 1247 1505 accipiendis
1286 1449 1444 1491 habeat
1480 1450 1670 1490 animum

148 1523 424 1574 occupatum,
465 1516 542 1559 sed
573 1530 669 1558 cum
699 1516 917 1571 gravitate
955 1530 1075 1557 suam
1106 1524 1277 1559 tueatur
1307 1518 1566 1573 dignitatem
1597 1517 1669 1558 bo-

147 1601 246 1627 nam
276 1585 434 1626 famam
464 1584 676 1626 habendo.
739 1590 780 1625 ct
811 1584 917 1624 haec
948 1585 1060 1625 enim
1088 1584 1361 1641 philosophia
1399 1585 1670 1641 praescribit.

146 1660 368 1710 praeterea
405 1652 458 1694 de
498 1667 641 1694 rerum
678 1658 835 1693 natura
875 1666 983 1708 quae
1019 1667 1174 1707 graece
1213 1655 1482 1707 φυσιολογια
1514 1652 1672 1695 dicitur

146 1720 419 1779 philosophia
464 1719 674 1777 explicat,
723 1734 849 1776 quam
887 1733 1064 1761 necesse
1102 1727 1167 1762 est
1206 1720 1441 1762 studiosius
1481 1722 1669 1774 novisse,

146 1789 261 1847 quod
292 1789 423 1831 habet
453 1787 608 1829 multas
642 1794 683 1828 et
714 1788 856 1828 varias
888 1787 1105 1828 naturales
1140 1788 1428 1843 quaestiones,
1460 1794 1507 1829 ut
1540 1790 1667 1830 etiam

146 1859 190 1898 in
220 1871 427 1913 aquarum
459 1854 753 1897 ductionibus.
814 1855 1059 1896 incursibus
1092 1856 1204 1896 enim
1237 1862 1278 1896 ct
1300 1856 1670 1897 circumitionibus

147 1932 189 1966 et
218 1924 376 1966 librata
406 1923 586 1980 planitie
618 1922 971 1979 expressionibus
1005 1924 1181 1979 spiritus
1212 1922 1430 1964 naturales
1460 1923 1587 1965 aliter
1606 1933 1668 1965 at-

147 2008 229 2049 que
258 1991 384 2033 aliter
414 1992 543 2044 fiunt,
583 2006 762 2047 quorum
808 1990 1118 2032 offensionibus
1156 1990 1320 2032 mederi
1357 2006 1481 2032 nemo
1512 1993 1671 2047 poterit
1696 2007 1723 2026 '2

146 2061 231 2103 nisi
253 2062 325 2117 qui
348 2074 402 2100 cx
423 2058 698 2116 philosophia
719 2059 933 2114 principia
961 2073 1102 2100 rerum
1131 2065 1310 2100 naturae
1331 2060 1514 2100 noverit.
1565 2061 1668 2101 item

146 2129 220 2184 qui
243 2127 426 2170 Ctesibii
448 2133 522 2168 aut
542 2126 820 2168 Archimedis
851 2132 892 2167 et
914 2132 1155 2168 ceterorum
1188 2127 1261 2183 qui
1284 2127 1477 2169 eiusdem
1497 2129 1668 2183 generis

143 2201 375 2252 praecepta
413 2195 761 2250 conscripserunt
798 2193 936 2249 leget,
978 2196 1138 2236 sentire
1176 2210 1260 2235 non
1297 2197 1456 2251 poterit
1486 2196 1571 2238 nisi
1601 2195 1667 2237 his

146 2340 268 2371 deinde
293 2338 525 2381 hageslillae
550 2337 704 2380 polidos)
731 2342 873 2380 utraque
896 2341 1037 2371 lectione
1062 2340 1160 2370 ina-ta
1183 2341 1297 2379 posim
1328 2339 1376 2378 (ut
1402 2341 1495 2379 iufra
1520 2341 1553 2371 in
1579 2342 1606 2372 (i
1629 2351 1664 2381 μ,

151 2398 178 2436 5,
195 2397 227 2427 4.
242 2396 287 2436 cf.
303 2398 332 2434 (ἰ,
352 2396 400 2436 2).
429 2394 443 2438 Η
473 2395 641 2427 Plataico
659 2393 854 2435 (Plataeeo
871 2394 977 2435 ιΙοο.)ε
999 2396 1127 2437 pittaco
1145 2396 1220 2427 Gll.
1244 2393 1258 2437 Η
1283 2398 1302 2427 3
1318 2395 1486 2427 manibiis
1501 2397 1527 2427 [a
1540 2401 1573 2427 et
1589 2402 1667 2428 ante

147 2463 237 2484 vor-r.
253 2463 282 2492 c,
302 2452 468 2484 manibus
487 2450 533 2491 (—
547 2451 602 2491 b3)
622 2455 700 2482 ante
713 2461 803 2482 corr.
817 2453 838 2484 I.
856 2448 870 2493 ΙΙ
887 2451 1055 2482 inducem
1073 2457 1150 2483 ante
1164 2462 1254 2485 corr.
1273 2452 1311 2483 G.
1329 2449 1343 2493 [Ι
1366 2453 1385 2482 -l
1404 2454 1528 2493 tropac
1549 2451 1582 2494 (12
1601 2452 1666 2491 (r')o

150 2508 232 2540 GH:
259 2508 410 2549 tropheo
436 2506 640 2549 (LPpblele).
669 2505 684 2550 l}
715 2509 734 2539 5
760 2506 844 2539 {fitis
869 2507 904 2547 (i.
931 2518 962 2541 e.
989 2509 1139 2547 mentis)
1165 2509 1214 2540 elz.
1248 2506 1262 2549 Η
1294 2510 1312 2539 7
1334 2508 1505 2540 effectus:
1530 2509 1578 2539 sic
1601 2509 1666 2539 (ιἸΙ

149 2564 196 2604 (in
223 2574 300 2605 yen.
331 2564 396 2606 sy.)
435 2562 450 2606 ΙΙ
488 2566 508 2596 9
538 2563 642 2595 multi
675 2566 821 2595 statuas
854 2562 1056 2605 Gllc(Lpl):
1098 2564 1220 2596 multis
1247 2567 1389 2596 statuas
1427 2570 1503 2596 mele
1535 2576 1603 2597 ras.
1632 2565 1666 2595 ll

150 2618 282 2661 (Phela).
315 2617 331 2662 Η
364 2619 523 2661 10(-11)
552 2623 587 2651 et
611 2620 726 2651 ita—
744 2619 913 2661 operibus
941 2621 1008 2651 Gll
1027 2620 1162 2662 (LPp):
1190 2631 1256 2652 om.
1291 2621 1373 2651 blek.
1406 2619 1420 2662 Η
1464 2622 1500 2650 1ῑί
1525 2623 1665 2661 oportet

147 2677 240 2708 -loc·.:
267 2679 436 2718 oporteat
462 2676 538 2708 GH.
571 2674 586 2718 ΙΙ
620 2676 660 2707 18
685 2686 804 2707 suam:
833 2675 895 2716 ’,ει-ιῇ
921 2678 983 2708 sua
1007 2677 1048 2708 L.
1078 2674 1092 2718 [l
1128 2679 1167 2707 1¹.)
1194 2680 1230 2709 et
1254 2677 1361 2709 hacc:
1393 2679 1441 2707 si(-
1468 2677 1544 2709 (ill.
1577 2674 1591 2718 ΙΙ
1623 2678 1666 2709 20

149 2732 382 2774 physiologia
414 2732 450 2763 Il
476 2731 530 2772 (I’,
556 2731 777 2774 phisiologia
809 2733 952 2773 chblclc
984 2737 1015 2764 et
1047 2734 1080 2764 in
1110 2744 1214 2774 mter-(s,
1247 2739 1298 2772 cc,
1324 2732 1553 2774 philosophia
1585 2744 1602 2763 e
1632 2738 1664 2764 ct

149 2792 237 2833 (trite¹
252 2789 314 2829 ips.
334 2798 423 2820 corr.
449 2786 516 2828 M),
542 2788 748 2829 phisioloya
776 2790 814 2823 li,
838 2786 852 2830 Η
876 2791 915 2820 21
938 2783 1179 2831 philosophoa
1203 2800 1236 2829 p.
1267 2787 1281 2830 ΙΙ
1303 2790 1343 2819 22
1371 2789 1503 2820 habeat
1529 2800 1561 2829 J).
1585 2786 1599 2830 ΙΙ
1623 2791 1664 2821 2ίὶ

149 2838 294 2889 prlr‘i'pia
319 2862 348 2880 ι’.
383 2847 398 2891 Η
430 2851 471 2881 27
499 2849 656 2882 Ctesibii
678 2851 774 2883 doen:
802 2851 999 2883 cfithesbia
1018 2852 1056 2891 (J,
1084 2861 1162 2882 cum
1186 2849 1190 2891 I
1213 2850 1359 2881 thesbia
1387 2850 1421 2880 ll
1446 2849 1506 2890 (esi
1523 2850 1663 2882 thesbia

150 2905 300 2945 Ll’blele,
327 2907 416 2947 cuq3
443 2905 585 2948 thesbug
602 2906 653 2947 p).
672 2903 687 2949 ΙΙ
706 2894 866 2940 eiusde'm
886 2908 953 2939 (ill
971 2906 1028 2947 (L,
1056 2908 1134 2939 cius
1160 2906 1255 2938 modi
1274 2905 1427 2948 l'pblclt).
1460 2903 1474 2948 ΙΙ
1506 2908 1548 2937 28
1567 2906 1665 2945 leget

152 2961 304 2993 sentire:
329 2962 377 2993 sic
405 2962 481 2994 (ill.

1704 986 1742 1015 10

1698 1662 1740 1691 ’.Ὀ
