1899 3322
574 250 636 279 DE
668 243 1022 281 ARcmTEeTUR'A
1054 252 1144 282 LIB.
1176 253 1220 282 x.
1575 243 1655 286 257

135 350 198 392 los
229 351 466 406 pendentes
505 365 653 392 aereos
693 351 924 406 congiales.
983 354 1044 394 ita
1081 355 1268 396 versatio
1305 361 1423 396 rotae
1460 362 1656 397 catenam

134 419 179 459 in
209 432 336 458 axem
366 417 631 459 involvendo
663 418 811 460 efferet
842 419 992 461 situlos
1024 421 1068 461 in
1100 437 1325 476 summum,
1359 424 1432 478 qui
1463 438 1559 465 cum
1586 439 1654 465 su-

134 499 210 541 per
241 499 367 526 axem
399 486 710 541 pervehuntur,
753 493 960 541 cogentur
991 488 1151 530 inverti
1182 496 1223 531 et
1254 490 1482 532 infundere
1511 494 1555 534 in
1587 507 1654 534 ca-

134 551 307 593 stellum
337 567 474 608 aquae
506 553 620 609 quod
652 553 900 595 extulerint.

3 628 8 634 '
66 626 126 669 (V)
248 621 380 662 Fiunt
411 621 540 661 etiam
570 621 616 660 in
646 620 899 669 fluminibus
934 629 1053 664 rotae
1095 623 1258 664 eisdem
1287 627 1527 668 rationibus
1560 629 1651 684 qui·
1678 635 1709 666 X

131 686 212 728 bus
244 702 374 743 supra
404 688 613 744 seriptum
644 695 721 731 est.
772 690 887 730 circa
918 704 1064 730 earum
1094 691 1258 733 frontes
1286 693 1537 748 adfiguntur
1557 697 1651 751 pin-
1677 704 1697 733 6

130 769 224 807 nae,
257 762 366 810 quae
396 770 492 796 cum
521 757 820 811 percutiuntur
849 757 904 797 ab
935 759 1099 814 impetu
1130 758 1335 812 fluminis,
1367 769 1526 816 cogunt
1557 778 1652 818 pro-

130 821 377 876 gredientes
416 824 582 864 versari
618 830 777 878 rotam,
827 831 868 865 et
906 825 967 865 ita
1005 824 1205 867 modiolis
1245 827 1491 870 haurientes
1531 839 1571 871 et
1608 832 1652 871 in

130 904 345 930 summum
374 890 610 931 referentes
649 892 741 932 sine
780 906 1005 947 operarum
1044 893 1257 935 calcatura
1295 896 1431 951 ipsius
1461 896 1651 939 fluminis

130 956 304 1013 inpulsu
334 964 532 999 versatae
563 964 785 1015 praestant
814 959 928 1015 quod
959 975 1066 1016 opus
1099 968 1163 1002 est
1193 961 1249 1002 ad
1278 978 1417 1004 usum.
1679 974 1718 1003 111

83 1036 103 1066 2
241 1024 409 1066 Eadem
447 1027 614 1067 ratione
655 1026 784 1068 etiam
823 1035 1053 1069 versantur
1090 1028 1363 1085 hydraletae,
1410 1031 1455 1071 in
1494 1032 1650 1088 quibus

129 1091 281 1132 eadem
326 1099 426 1134 sunt
472 1094 615 1134 omnia
663 1101 964 1150 praeterquam
1012 1096 1126 1152 quod
1164 1097 1210 1137 in
1245 1113 1328 1138 uno
1376 1099 1517 1155 capite
1553 1101 1650 1141 axis

127 1166 380 1216 tympanum
419 1159 642 1202 dentatum
681 1168 745 1203 est
781 1163 1010 1204 inclusum.
1071 1163 1116 1204 id
1146 1171 1289 1205 autem
1328 1165 1383 1206 ad
1421 1167 1650 1223 perpendi-

127 1227 270 1268 culum
302 1216 586 1269 —conlocatum
635 1230 680 1269 in
726 1229 912 1271 cultrum
954 1238 1153 1272 versatur
1197 1247 1293 1273 cum
1336 1239 1429 1274 rota
1474 1235 1650 1290 pariter.

127 1293 364 1336 secundum
401 1296 448 1336 id
485 1303 738 1352 tympanum
775 1298 913 1338 maius
959 1299 1063 1339 item
1109 1299 1333 1340 dentatum
1370 1300 1547 1356 planum
1585 1309 1649 1343 est
1677 1311 1716 1341 15

126 1361 416 1417 conlocatum,
457 1379 540 1419 quo
580 1365 837 1406 continetur.
897 1366 959 1406 ita
990 1365 1141 1407 dentes
1182 1368 1274 1408 eius
1306 1370 1503 1424 tympani
1534 1370 1649 1425 quod

126 1436 191 1471 est
221 1431 267 1471 in
297 1445 380 1471 axe
409 1430 624 1472 inclusum
654 1431 902 1488 inpellendo
934 1432 1082 1474 dentes
1114 1435 1310 1490 tympani
1341 1435 1459 1491 plani
1490 1444 1650 1492 cogunt

123 1498 217 1539 fieri
247 1497 456 1540 molarum
488 1499 825 1541 circinationem.
886 1501 931 1541 in
962 1515 1046 1556 qua
1075 1501 1275 1543 machina.
1312 1503 1552 1559 inpendens
1583 1505 1647 1545 in-

124 1565 401 1607 fundibultnn
423 1567 725 1608 subministrat
745 1566 869 1608 molis
891 1567 1153 1610 frumentum
1176 1576 1217 1611 et
1235 1570 1383 1611 eadem
1402 1573 1648 1615 versatione

125 1632 342 1688 subigitur
372 1634 526 1675 farina.
1672 1647 1714 1679 20

19 1707 97 1748 (VI)
237 1701 318 1742 Est
347 1708 489 1742 autem
522 1703 651 1743 etiam
683 1701 850 1743 cocleae
881 1705 991 1744 ratio
1023 1718 1131 1760 quae
1162 1719 1361 1760 magnam
1384 1707 1474 1747 vim
1502 1707 1645 1750 haurit
1663 1714 1713 1746 XI

124 1782 261 1824 aquae
300 1768 377 1809 sed
416 1783 502 1810 non
538 1776 626 1810 tam
655 1769 740 1811 alte
770 1769 884 1811 tollit
916 1786 1041 1826 quam
1073 1779 1180 1813 rota.
1242 1774 1331 1814 eius
1362 1780 1505 1815 autem
1536 1776 1646 1816 ratio

124 1836 188 1876 sic
225 1835 470 1892 expeditur.
540 1837 709 1891 tignum
749 1838 956 1891 sumitur,
1004 1839 1125 1879 cuius
1165 1840 1276 1894 tigni
1316 1848 1476 1896 quanta
1514 1843 1643 1885 ratio-

124 1904 293 1945 cinatur
324 1903 481 1960 pedum
512 1903 762 1959 longitudo,
802 1911 922 1946 tanta
960 1905 1196 1961 digitorum
1229 1908 1460 1964 expeditur
1490 1911 1644 1951 crassi—

121 1970 242 2012 tudo.
304 1971 349 2011 id
379 1971 435 2012 ad
475 1973 681 2013 circinum
722 1973 992 2015 rotundatur.
1053 1974 1098 2014 in
1129 1975 1344 2031 capitibus
1386 1977 1546 2018 circino
1578 1978 1640 2019 di-
1668 1986 1711 2017 ‘25

124 2037 329 2080 videntur
375 2039 695 2081 circumitiones
743 2054 888 2082 eorum
936 2041 1196 2083 tetrantibus
1235 2050 1277 2084 et
1314 2044 1560 2086 octantibus
1599 2046 1644 2086 in

212 2189 231 2219 2
257 2187 370 2219 situle
395 2193 472 2219 aule
498 2198 587 2220 corr.
617 2190 654 2222 G.
686 2186 700 2231 [Ι
733 2190 793 2230 qui
819 2199 884 2230 sup
911 2200 1014 2222 axem
1043 2191 1109 2223 GH
1135 2190 1227 2230 (eum
1247 2193 1327 2224 add.
1354 2192 1457 2233 .Joe.).
1491 2191 1506 2235 Η
1537 2196 1556 2226 3
1583 2205 1642 2227 ca-

122 2242 231 2275 stellii
259 2253 368 2286 aque:
394 2246 443 2275 sic
470 2244 546 2277 GH.
579 2242 593 2286 ΙΙ
626 2245 646 2276 5
671 2244 807 2276 eisdem
834 2246 976 2286 (iisdem
1005 2247 1082 2289 G⁶):
1110 2248 1270 2280 eiusdem
1297 2247 1473 2290 (effidem
1501 2251 1549 2290 H)
1577 2252 1646 2283 Gll

123 2299 233 2339 (Lice,
267 2300 345 2331 eius
370 2305 448 2331 ante
472 2310 562 2334 corr.
587 2298 623 2342 I).
657 2297 671 2342 ΙΙ
710 2301 729 2331 6
756 2311 865 2342 supra
898 2303 935 2333 H
967 2302 1076 2343 (Lle):
1115 2315 1181 2345 sup
1209 2305 1247 2336 G.
1280 2302 1294 2347 Η
1327 2306 1346 2335 S
1373 2308 1505 2336 rotam:
1543 2310 1642 2338 rotas

121 2355 214 2390 Mar,
246 2353 261 2397 ΙΙ
292 2355 461 2388 modiolis
486 2356 697 2388 haurientes
723 2355 829 2397 (—tis
855 2358 906 2398 H)
935 2359 1004 2390 GH
1026 2359 1113 2399 (Leo,
1139 2363 1201 2393 secl
1224 2361 1273 2392 L⁶
1302 2360 1447 2392 modioli
1472 2362 1642 2395 haurien-

120 2410 203 2451 tes).
236 2408 252 2453 ll
283 2412 322 2442 11
349 2412 564 2454 hydraletae
590 2413 710 2444 Sclm.:
737 2412 938 2454 liydraulae
968 2415 1306 2458 GII(hydr01nylae
1338 2417 1533 2457 Turnebus).
1557 2417 1571 2461 Η
1601 2421 1641 2451 13

122 2469 178 2498 est
204 2465 254 2507 (ul
278 2478 305 2498 υ.
334 2467 390 2507 17)
417 2468 534 2500 Solen:
562 2467 590 2499 &
616 2467 667 2510 (et
687 2468 727 2509 G)
757 2469 833 2505 Gll,
866 2466 881 2511 ΙΙ
915 2472 955 2501 15
980 2471 1113 2505 maius:
1138 2473 1187 2503 sic
1206 2473 1274 2503 GH
1297 2473 1427 2512 (minus
1452 2484 1520 2505 cum
1540 2475 1639 2505 Perr.

120 2528 153 2553 et
181 2522 253 2556 Gal.
279 2523 415 2563 Reber).
448 2522 463 2566 Η
497 2526 537 2556 16
563 2525 772 2557 continetur
797 2526 851 2556 ita
877 2525 1019 2558 dentes:
1051 2529 1099 2559 sic·
1132 2528 1202 2560 GH
1232 2528 1291 2569 (Ie.
1325 2531 1541 2562 continetur.
1582 2531 1639 2562 Ita

120 2577 248 2610 dentes
266 2578 323 2619 L).
355 2581 507 2612 lacunam
531 2582 580 2613 sic·
605 2582 751 2622 explevit
769 2582 844 2613 Joe.
866 2591 933 2622 quo
961 2583 1170 2615 continetur
1196 2585 1272 2616 axis
1290 2584 1428 2616 liabens
1448 2587 1484 2616 in
1503 2596 1638 2619 summo

122 2637 244 2677 eapite
271 2635 486 2667 subscudem
513 2636 681 2676 ferream,
710 2647 779 2678 qua
804 2637 900 2668 mola
927 2639 1144 2673 continetur.
1175 2637 1190 2683 {f
1226 2642 1264 2671 17
1291 2641 1388 2682 plani
1407 2642 1500 2673 .loc.:
1529 2642 1638 2683 plane

122 2688 238 2735 (illm
267 2692 307 2724 18
332 2692 508 2724 molarum
534 2694 598 2724 LC:
625 2693 800 2725 malarum
821 2694 889 2723 Gll
913 2692 956 2733 (Ic
981 2700 1013 2726 et
1037 2700 1115 2727 ante
1140 2707 1229 2728 corr.
1252 2697 1308 2736 ll).
1333 2694 1347 2738 Η
1371 2697 1636 2729 infundibulum

120 2746 184 2780 ch
204 2747 413 2780 infunibulsi
431 2749 506 2781 Gll.
524 2746 539 2791 Η
557 2751 598 2781 23
613 2752 750 2791 quanta
765 2750 1007 2782 ratiocinatur
1023 2763 1082 2793 (²90
1099 2752 1158 2793 (ef.
1172 2755 1292 2793 p.‘.1(i⁶,
1309 2753 1359 2793 (ὶ);
1381 2756 1520 2793 quanta
1538 2757 1639 2785 ratur

122 2825 188 2856 GH
214 2824 301 2867 (Lle,
327 2829 389 2859 sed
412 2828 460 2858 Le
484 2830 516 2859 in
541 2840 644 2870 φημι-ῃ.
671 2830 716 2861 ad
740 2823 814 2860 rat2
842 2831 982 2862 adnotat
1006 2832 1165 2863 ··ratione
1203 2830 1248 2872 [q.
1280 2834 1508 2863 mensuratur
1539 2832 1575 2872 [ἴ
1605 2837 1637 2864 el

120 2882 214 2914 Flor.
242 2879 291 2924 1],
326 2893 357 2924 q.
391 2884 501 2916 fuerit
530 2885 622 2919 doc..
657 2896 688 2926 q.
715 2885 821 2916 datur
853 2886 974 2927 Maru).
1006 2885 1021 2930 Η
1052 2889 1094 2919 25
1126 2887 1334 2918 dividentur
1367 2887 1637 2919 circumitiones

120 2948 242 2969 eorum
267 2940 488 2971 tetrantibus
515 2940 566 2981 (in
591 2944 715 2982 partes
742 2944 915 2981 quattuor
939 2944 1018 2975 add.
1045 2943 1135 2985 doe.)
1168 2947 1203 2975 et
1229 2943 1439 2974 octantibus
1465 2944 1501 2975 in
1527 2943 1636 2986 pedes

166 3005 316 3027 vrrnuv.
343 3006 388 3027 DE
415 3006 565 3029 Anenir.
1316 2997 1362 3038 17
