1899 3322
76 339 117 369 18

78 1015 117 1045 19

76 1557 120 1588 20

581 222 642 252 DE
673 221 1026 251 ARCHITECTURA
1060 221 1150 250 ΜΒ.
1185 222 1231 250 11.
1611 209 1666 249 53

255 326 470 378 Quoniam
500 339 601 380 ergo
624 323 843 380 explicata
864 323 972 364 ratio
997 331 1059 363 est
1092 322 1195 378 quid
1218 322 1278 363 ita
1301 323 1344 362 in
1365 321 1470 363 urbe
1491 328 1667 378 propter

141 394 442 436 necessitatem
472 393 771 448 angustiarum
801 406 887 432 non
916 391 1139 446 patiuntur
1170 404 1263 431 esse
1291 389 1505 431 latericios
1528 389 1664 446 parie-

141 470 228 516 tes,
267 477 364 503 cum
403 468 526 503 extra
563 460 715 502 urbem
752 474 859 515 opus
891 458 971 499 erit
1003 457 1070 498 his
1102 458 1187 509 uti,
1230 458 1322 498 sinc
1353 458 1473 499 vitiis
1504 456 1560 497 ad
1592 471 1663 496 ve-

139 536 347 573 tustatem
387 530 449 570 sic
490 529 571 570 erit
610 526 870 569 faciendum.
940 524 1118 566 summis
1164 524 1403 580 parietibus
1450 530 1666 566 structura

141 605 331 640 testacea
376 597 456 638 sub
502 595 669 651 tegulas
724 594 963 636 subiciatur
1011 590 1242 633 altitudine
1287 592 1458 633 circiter
1502 592 1664 647 sesqui-

142 665 301 723 pedali,
335 664 578 720 habeatque
608 663 872 720 proiecturas
905 674 1173 701 coronarum.
1234 660 1294 700 ita
1316 660 1445 700 vitari
1466 665 1667 714 poterunt

143 748 250 791 quae
289 733 429 774 solent
467 732 513 772 in
549 731 615 771 his
655 730 749 771 fieri
786 729 908 770 vitia.
978 742 1074 769 cum
1113 728 1227 768 enini
1264 728 1308 768 in
1346 733 1458 768 tecto
1495 726 1666 782 tegulae

141 802 304 843 fuerint
336 800 498 841 fractae
528 805 601 840 aut
631 813 656 838 a
687 797 827 838 ventis
859 795 1064 849 deiectae,
1099 810 1181 851 qua
1211 795 1348 851 possit
1379 808 1434 834 ex
1455 794 1665 835 imbribus

141 884 252 926 aqua
282 867 532 925 perpluere,
573 881 659 907 non
698 865 886 921 patietur
924 863 1058 904 lorica
1093 869 1284 904 testacea
1321 861 1436 903 laedi
1473 861 1664 914 laterem,

143 937 218 979 sed
250 937 494 993 proiectura
526 948 777 976 coronarum
806 931 956 973 reiciet
987 937 1108 972 extra
1140 928 1497 987 perpendiculum
1528 928 1665 969 stillas

145 1011 186 1047 et
217 1019 266 1045 ea
296 1005 461 1045 ratione
493 1001 685 1044 servabit
714 1000 906 1055 integras
936 999 1150 1055 parietum
1170 997 1460 1039 latericiorum
1484 1003 1665 1038 structu-

143 1088 225 1115 ras.
301 1071 354 1113 de
399 1073 494 1128 ipsa
537 1075 681 1110 autem
725 1074 836 1109 testa
881 1067 917 1107 si
963 1067 1019 1107 sit
1072 1066 1234 1122 optima
1288 1080 1363 1106 seu
1409 1065 1568 1106 vitiosa
1611 1063 1664 1104 ad

143 1146 404 1183 structuram
434 1138 581 1180 statim
611 1151 734 1178 nemo
765 1141 908 1192 potest
939 1134 1145 1186 iudicare,
1179 1132 1293 1189 quod
1325 1133 1370 1173 in
1400 1132 1665 1188 tempestati-

143 1209 239 1262 bus,
273 1214 314 1249 et
344 1212 498 1259 aetate,
530 1206 576 1246 in
605 1210 719 1246 tecto
751 1218 848 1245 cum
881 1209 945 1244 est
976 1201 1217 1254 conlocata,
1250 1208 1351 1242 tunc
1383 1201 1419 1242 si
1451 1206 1514 1241 est
1544 1199 1667 1239 firma

145 1275 365 1333 probatur.
415 1287 601 1329 namque
633 1286 740 1328 quae
770 1286 856 1313 non
887 1270 1016 1311 fuerit
1048 1285 1102 1310 ex
1134 1275 1249 1309 creta
1281 1268 1393 1309 bona
1421 1274 1495 1309 aut
1516 1282 1666 1324 parum

146 1345 226 1386 erit
259 1349 399 1393 cocta,
438 1342 499 1383 ibi
531 1356 576 1382 se
608 1339 797 1382 ostendit
828 1353 921 1380 esse
952 1338 1154 1378 vitiosam
1193 1335 1407 1391 gelicidiis
1440 1340 1482 1376 et
1512 1334 1667 1390 pruina

144 1418 272 1454 tacta.
334 1425 435 1465 ergo
468 1424 575 1465 quae
606 1423 692 1449 non
722 1409 767 1448 in
797 1407 923 1447 tectis
955 1406 1114 1461 poterit
1144 1405 1235 1460 pati
1266 1403 1471 1455 laborem,
1504 1416 1553 1442 ea
1582 1416 1668 1443 non

144 1485 286 1537 potest
316 1479 362 1519 in
393 1482 609 1519 structura
640 1476 760 1518 oneri
789 1473 968 1515 ferendo
1001 1488 1094 1514 esse
1124 1473 1258 1513 firma.
1320 1485 1450 1526 quare
1479 1469 1668 1510 maximo

145 1563 200 1590 ex
230 1546 451 1588 veteribus
483 1543 641 1599 tegulis
672 1549 783 1585 testa
815 1542 967 1583 structi
989 1541 1174 1598 parietes
1196 1539 1444 1580 firmitatem
1465 1544 1667 1594 poterunt

142 1615 314 1656 habere.
367 1613 535 1654 Craticii
557 1626 659 1653 vero
683 1610 814 1651 velim
845 1609 1019 1665 quidem
1050 1624 1103 1649 ne
1134 1607 1302 1648 inventi
1334 1613 1487 1646 essent.
1535 1619 1665 1660 quan-

142 1690 234 1724 tum
266 1682 380 1723 enim
411 1679 630 1721 celeritate
661 1686 702 1720 et
733 1678 814 1720 loci
846 1677 1090 1718 laxamento
1123 1681 1322 1731 prosunt,
1367 1680 1486 1714 tanto
1515 1673 1667 1713 maiori

144 1757 187 1793 et
218 1749 433 1792 communi
464 1754 563 1789 sunt
594 1746 844 1798 calamitati,
878 1743 992 1800 quod
1022 1744 1077 1784 ad
1109 1742 1307 1783 incendia
1337 1741 1400 1782 uti
1429 1740 1544 1781 faces
1568 1746 1666 1780 sunt

145 1818 297 1875 parati.
364 1817 509 1871 itaque
549 1815 683 1856 satius
726 1828 819 1854 esse
857 1811 1032 1853 videtur
1080 1812 1260 1866 inpensa
1298 1815 1583 1850 testaceorum
1622 1808 1667 1848 111

145 1892 318 1943 sumptu
349 1898 477 1940 quam
508 1881 762 1938 compendio
795 1880 1067 1921 craticiorum
1099 1893 1192 1919 esse
1213 1878 1257 1918 in
1279 1875 1503 1932 periculo:
1534 1875 1665 1915 etiam

145 1955 217 2010 qui
248 1954 293 1993 in
323 1951 515 1993 tectoriis
548 1949 770 2006 operibus,
803 1949 934 1989 rimas
966 1948 1010 1987 in
1041 1946 1107 1987 liis
1140 1945 1305 1986 faciunt
1335 1943 1664 1984 arrectariorum

145 2028 186 2064 et
216 2019 626 2063 transversariorum
663 2016 962 2072 dispositione.
1023 2029 1119 2055 cum
1158 2014 1272 2054 enim
1302 2011 1515 2064 linuntur,
1558 2010 1664 2050 reci-

144 2090 311 2146 pientes
342 2100 534 2128 umorem
564 2090 833 2140 turgescunt,
866 2082 1023 2123 deinde
1054 2080 1329 2122 siccescendo
1359 2077 1667 2120 contrahuntur

146 2164 187 2198 et
228 2157 288 2198 ita
333 2154 554 2196 extenuati
602 2152 875 2208 disrumpunt
919 2150 1197 2191 tectoriorum
1243 2146 1518 2189 soliditatem.
1589 2143 1664 2185 sed

144 2224 345 2280 quoniam
383 2220 609 2263 nonnullos
651 2219 848 2260 celeritas
879 2225 952 2260 aut
983 2217 1128 2273 inopia-
1159 2222 1232 2257 aut
1263 2216 1307 2256 111
1339 2213 1543 2270 pendenti
1573 2211 1665 2253 loco

236 2363 254 2392 ἱ).
281 2359 551 2402 angustiarum:
582 2359 631 2389 sic
664 2357 730 2388 Gll
763 2355 972 2398 (angustiae
1007 2365 1173 2387 arearum
1208 2353 1327 2393 Man).
1364 2350 1378 2394 ΙΙ
1410 2350 1597 2393 patiuntur
1629 2348 1667 2379 H

148 2416 261 2458 (Lle):
289 2415 475 2458 patiantur
502 2415 539 2447 G.
570 2412 585 2455 Η
616 2415 636 2445 4
656 2414 724 2445 crit
743 2411 1000 2444 adfaciendum
1027 2415 1103 2443 ante
1121 2421 1210 2442 corr.
1227 2409 1266 2441 G.
1299 2406 1312 2450 Η
1345 2409 1364 2440 5
1382 2405 1525 2448 tegulas
1545 2403 1662 2445 (ree.):

146 2472 271 2514 tegula
300 2472 375 2503 GH.
405 2469 419 2513 Η
457 2472 477 2502 6
502 2470 729 2513 proiecturas
758 2470 795 2502 G.
829 2466 843 2511 [Ι
875 2468 985 2500 vitari
1016 2468 1052 2499 ll
1084 2465 1195 2507 (Llc):
1228 2466 1346 2498 vitare
1383 2464 1419 2495 G.
1452 2460 1466 2504 ΙΙ
1498 2463 1517 2493 8
1549 2461 1665 2502 possit

145 2530 220 2563 Joc.
247 2527 367 2569 (rec.):
401 2528 543 2569 possint
570 2526 645 2557 Gll.
677 2523 692 2568 [l
724 2528 742 2557 9
770 2535 864 2567 aqua
891 2524 926 2554 ll
951 2522 1005 2564 (Ic,
1033 2524 1124 2563 aqua
1147 2522 1232 2563 Lm:
1265 2519 1394 2562 aque&
1422 2518 1479 2557 ΟΨ)
1506 2517 1543 2548 G.
1576 2514 1592 2559 fl
1625 2517 1663 2547 ll

147 2585 313 2618 servabit
338 2584 456 2617 Selem:
484 2583 690 2615 servaverit
717 2583 782 2614 (ill
808 2586 867 2622 (ex
892 2580 990 2611 —uit
1020 2589 1083 2620 pro
1112 2578 1236 2618 —bit).
1270 2576 1285 2619 Η
1318 2577 1479 2615 integras
1513 2572 1663 2612 (ι’(οϋΙιϋ);

147 2641 267 2683 —gris
294 2641 330 2671 ll
355 2640 460 2679 (hle).
494 2637 508 2681 ΙΙ
539 2640 579 2670 14
605 2644 641 2671 et
667 2641 787 2670 aetate
820 2648 900 2679 ego:
933 2635 962 2667 &a
987 2638 1129 2667 aestate
1161 2635 1215 2674 (et
1247 2636 1365 2665 estate
1394 2631 1434 2669 G)
1469 2629 1534 2660 Gll
1567 2627 1662 2668 (fort.

147 2707 194 2729 ex
219 2702 298 2730 nota
323 2697 529 2729 correctoris
553 2695 565 2725 1
592 2698 711 2727 estate
737 2696 757 2725 i.
776 2705 804 2725 e.
831 2693 890 2725 vel
916 2691 1177 2733 temp-estate).
1207 2689 1222 2732 Η
1256 2692 1295 2721 16
1315 2686 1474 2720 ostendit
1503 2685 1535 2714 ll
1554 2684 1664 2723 (Llc):

150 2753 256 2784 -det
283 2754 319 2784 G.
353 2750 368 2794 Η
402 2754 441 2784 19
467 2754 565 2783 testa
592 2751 723 2783 structi
749 2751 832 2782 hor.
861 2748 938 2788 (nisi
962 2750 1052 2790 quod
1074 2759 1139 2779 scr.
1167 2744 1371 2786 tcstaquc):
1400 2745 1499 2772 tecta
1525 2743 1664 2771 structa

153 2809 229 2842 GH.
262 2807 276 2849 ΙΙ
308 2810 351 2840 20
377 2808 467 2847 (item
493 2808 553 2848 23)
582 2807 727 2839 craticii
755 2806 796 2837 G:
825 2804 972 2845 graticii
997 2804 1033 2835 ll
1060 2802 1166 2843 (Lle).
1201 2800 1231 2844 Η·
1253 2803 1291 2832 21
1321 2800 1485 2841 prosunt:
1520 2798 1664 2837 propter

151 2868 228 2896 ante
253 2874 343 2897 corr.
373 2865 411 2896 G.
441 2861 455 2906 Η
487 2865 529 2895 ‘24
557 2864 667 2896 etiam
687 2863 745 2905 qui
775 2862 856 2894 till:
886 2861 1068 2903 etiamque
1096 2860 1194 2893 Selm.
1223 2856 1294 2901 (qui
1318 2866 1377 2888 om.
1405 2854 1441 2885 111
1466 2852 1548 2893 his).
1581 2849 1595 2894 Η
1621 2853 1662 2884 27

152 2919 380 2952 siccisccndo
408 2920 486 2954 (ill.

1694 937 1734 968 10

1693 1274 1734 1305 15

1692 1611 1735 1643 20
