1909 3322
180 207 259 248 102
818 214 1026 245 vrrnuvn

178 325 219 361 ct
236 318 390 375 quibus
407 318 451 358 in
466 316 571 358 locis
586 317 631 358 in
647 329 807 372 pronao
824 322 1082 374 procurrunt
1103 323 1243 371 antae,
1262 318 1308 358 in
1323 318 1461 359 isdem
1479 334 1500 360 e
1516 321 1692 375 regione

178 385 309 427 cellae
346 386 557 441 parietum
596 383 815 426 columnas
855 385 977 426 binas
1019 384 1289 426 conlocantes
1330 385 1523 428 efficiunt
1552 393 1691 428 tusca-

178 455 371 494 nicorum
412 457 453 492 et
490 466 741 506 graecorum
783 467 961 508 operum
1005 467 1272 494 communem
1310 454 1692 496 ratiocinationem.

178 521 253 561 alii
291 534 393 560 vero
431 525 703 561 removentes
742 521 927 577 parietes
958 519 1076 561 aedis
1110 526 1150 560 et
1181 519 1446 576 adplicantes
1478 520 1534 562 ad
1564 523 1692 563 inter·
1720 541 1739 571 ρ,

134 598 153 628 5
181 587 411 640 columnia,
444 592 703 644 pteromatos
735 589 888 644 spatiis
921 586 1102 628 sublatis
1135 587 1327 629 efficiunt
1357 588 1548 644 amplum
1578 588 1695 630 laxa-

177 661 369 696 mentum
410 653 563 707 cellae,
603 654 770 712 reliqua
807 662 950 697 autem
981 655 1330 711 proportionibus
1364 662 1405 697 et
1435 657 1696 713 symmetriis

179 722 318 763 isdem
349 728 653 764 conservantes
683 722 803 764 aliud
832 737 968 778 genus
999 722 1162 778 figurae
1192 723 1464 780 nominisque
1495 724 1698 765 videntur

178 789 607 846 pseudoperipterum
644 791 955 846 procreavisse.
1020 790 1126 831 haec
1162 792 1306 831 autem
1335 805 1494 847 genera
1523 798 1699 848 propter

178 872 303 898 usum
348 857 655 899 sacrificiorum
702 864 1024 900 convertuntur.
1099 873 1185 899 non
1224 859 1337 899 enim
1375 860 1573 902 omnibus
1614 859 1697 900 diis

115 937 156 968 10
180 925 318 966 isdem
355 925 593 967 rationibus
630 925 758 967 aedes
799 932 898 967 sunt
934 925 1184 978 faciundae,
1226 926 1339 982 quod
1369 925 1478 968 alius
1510 926 1594 968 alia
1624 942 1697 968 va-

179 993 332 1033 rietate
364 1007 582 1034 sacrorum
614 992 871 1048 religionum
900 993 1032 1035 habet
1065 994 1255 1034 effectus.

293 1071 452 1112 Omnes
473 1071 644 1112 aedium
665 1086 883 1113 sacrarum
906 1073 1254 1114 ratiocinationes
1285 1073 1348 1114 uti
1378 1072 1484 1114 mihi
1514 1073 1701 1115 traditae
1726 1093 1745 1124 7

181 1144 280 1179 sunt
320 1139 501 1195 exposui
538 1138 797 1196 ordinesque
835 1146 876 1181 et
913 1141 1184 1196 symmetrias
1217 1155 1364 1181 earum
1394 1141 1700 1197 partitionibus

182 1205 385 1258 distinxi,
426 1212 467 1246 et
505 1220 685 1262 quarum
723 1206 916 1264 dispares
956 1214 1053 1249 sunt
1091 1207 1255 1263 figurae
1287 1214 1328 1249 et
1359 1209 1516 1264 quibus
1549 1208 1700 1251 discri-

116 1287 156 1318 15
181 1273 370 1313 minibus
416 1274 528 1314 inter
571 1289 616 1315 se
662 1282 761 1316 sunt
808 1274 1053 1331 disparatae
1099 1275 1240 1332 quoad
1284 1276 1405 1332 potui
1456 1276 1701 1332 significare

182 1340 351 1396 scriptis
375 1342 568 1397 exposui.
619 1356 732 1383 nunc
754 1342 806 1383 de
826 1344 912 1384 aris
936 1342 1111 1383 deorum
1143 1342 1434 1385 inmortalium
1464 1344 1529 1386 uti
1557 1350 1703 1401 aptam

183 1408 533 1449 constitutionem
590 1408 776 1452 habeant
825 1410 881 1451 ad
931 1410 1239 1452 sacrificiorum
1286 1412 1497 1453 rationem
1548 1411 1702 1453 dicam.

77 1490 162 1523 VIII
186 1489 286 1515 arae
324 1482 518 1531 spectent
555 1476 611 1517 ad
651 1478 859 1518 orientem
898 1484 939 1519 et
980 1493 1149 1534 semper
1186 1478 1412 1520 inferiores
1445 1480 1531 1521 sint
1561 1479 1702 1521 conlo·
1729 1492 1807 1533 (IX)

186 1548 305 1583 catae
337 1557 463 1598 quam
494 1544 721 1586 simulacra
752 1560 861 1602 quae
893 1545 1053 1587 fuerint
1084 1546 1131 1586 in
1160 1545 1288 1599 aede,
1321 1547 1385 1587 uti
1417 1547 1702 1602 suspicientes

118 1620 161 1651 20
187 1609 461 1651 divinitatem
501 1612 574 1667 qui
613 1612 856 1669 supplicant
887 1619 928 1654 et
959 1613 1200 1654 sacrificant
1232 1613 1478 1670 disparibus
1509 1613 1702 1656 altitudi-

185 1676 312 1718 nibus
343 1677 399 1718 ad
431 1679 497 1719 sui
529 1680 734 1736 cuiusque
757 1681 828 1721 dei
850 1681 1048 1722 decorem
1070 1688 1391 1737 componantur.
1451 1680 1703 1723 altitudines

185 1750 327 1785 autem
361 1759 507 1786 earum
538 1747 600 1787 sic
631 1754 731 1788 sunt
763 1746 1044 1804 explicandae
1075 1750 1139 1789 uti
1167 1748 1264 1790 Iovi
1296 1749 1580 1805 omnibusque
1612 1764 1703 1790 cae-

187 1812 366 1853 lestibus
414 1828 541 1869 quam
587 1814 908 1856 excelsissimae
954 1817 1297 1870 constituantur,
1344 1817 1504 1858 Vestae
1547 1817 1705 1858 Terrae

186 1879 384 1935 Marique
405 1881 586 1922 humiles
616 1881 903 1923 conlocentur.
964 1884 1024 1924 ita
1054 1883 1232 1925 idoneae
1262 1884 1328 1925 his
1359 1884 1705 1926 institutionibus

123 1958 165 1989 25
191 1945 523 2002 explicabuntur
554 1949 599 1989 in
629 1949 984 1991 meditationibus
1015 1965 1184 1991 ararum
1217 1952 1564 1993 deformationes.

302 2025 543 2081 Explicatis
565 2027 737 2068 aedium
759 2043 975 2069 sacrarum
998 2029 1378 2086 compositionibus
1400 2031 1446 2071 in
1466 2030 1547 2072 hoc
1577 2030 1704 2084 libro,

188 2093 433 2148 insequenti
454 2094 507 2134 de
538 2097 826 2137 communium
857 2110 1032 2152 operum
1063 2097 1293 2138 reddemus
1325 2097 1705 2140 distributionibus

188 2160 510 2215 explicationes.

282 2390 296 2420 1
324 2392 358 2420 et
384 2391 513 2431 quibus
539 2391 660 2423 δῖε-ἠως
692 2392 856 2432 Equibus
891 2393 966 2427 GH.
1006 2390 1020 2435 Η
1058 2394 1078 2424 4
1105 2393 1205 2425 aedis
1234 2379 1358 2436 (aedes
1393 2394 1469 2435 G⁰):
1505 2366 1614 2427 aedt3s
1643 2395 1708 2426 GH

191 2444 279 2487 (Lle⁷
298 2448 361 2478 secl
383 2452 484 2479 antea
501 2448 549 2478 LO
565 2447 746 2488 parietis).
769 2445 783 2490 Η
807 2449 825 2479 5
845 2452 1065 2490 pteromatos
1083 2451 1136 2482 ed.
1156 2450 1224 2483 Fl.:
1250 2449 1470 2491 pleromatos
1490 2451 1567 2482 GH.
1590 2448 1605 2493 Η
1628 2462 1707 2493 spa-

191 2501 251 2532 tiis
277 2502 433 2535 sublatis
445 2505 529 2536 Lor.
557 2502 709 2544 (sublati
728 2504 833 2541 Mar„
859 2509 892 2535 ul
911 2504 971 2545 Ic):
1000 2505 1111 2547 spatii
1137 2505 1239 2545 (—tii
1260 2505 1264 2545 Ι
1289 2506 1328 2546 G)
1347 2505 1484 2538 sublati
1505 2508 1572 2539 GH
1588 2506 1704 2548 (Low,

192 2558 323 2598 spatiis
345 2558 350 2598 Ι
372 2559 507 2591 sublati
533 2565 610 2591 ante
634 2571 706 2592 ras.
732 2572 765 2597 e,
800 2561 935 2602 spaciis
962 2561 1098 2593 sublati
1123 2560 1159 2602 l).
1192 2559 1206 2603 Η
1239 2563 1256 2593 7
1282 2562 1454 2593 videntur
1483 2563 1557 2595 Joc.
1584 2563 1704 2603 (⁷·ec.):

191 2613 333 2645 videtur
358 2615 512 2654 (——·d&ur
537 2616 587 2657 H)
618 2616 693 2650 GH.
725 2614 739 2658 Η
770 2618 789 2648 8
822 2617 1150 2670 ρειιᾶονρθῑίρὺρϊῡ
1179 2618 1206 2649 G
1231 2619 1420 2658 (coniunxit
1440 2618 1510 2660 GC).
1541 2617 1555 2661 Η
1587 2621 1626 2651 10
1651 2619 1703 2650 fa-

192 2680 346 2714 ciundae
379 2683 415 2714 H
448 2681 556 2724 (Llc):
592 2683 760 2725 faciende
795 2684 831 2717 G.
864 2681 878 2726 Η
915 2686 954 2717 13
981 2694 1104 2716 earum
1129 2685 1200 2717 ed.:
1235 2695 1358 2716 eorum
1384 2686 1460 2717 GH.
1493 2682 1507 2726 Η
1547 2686 1587 2716 14
1619 2695 1705 2727 qua-

192 2745 268 2767 rum
294 2739 367 2771 ed.:
394 2749 543 2780 quorum
570 2739 645 2771 GH.
678 2738 693 2781 Η
726 2741 766 2771 15
793 2750 859 2780 quo
894 2740 1041 2781 adpotui
1066 2741 1103 2772 H
1128 2739 1243 2781 (6⁶11),
1277 2740 1477 2783 qdadpotui
1507 2746 1584 2772 ante
1614 2751 1705 2773 corr.

195 2788 222 2818 G
249 2791 510 2835 (quodadpotui
535 2806 562 2832 c,
589 2805 680 2837 quae
707 2795 855 2836 adpotui
882 2797 941 2835 L).
973 2794 988 2838 Η
1027 2797 1066 2827 16
1099 2797 1170 2828 aris
1199 2797 1243 2828 G:
1277 2797 1373 2829 areis
1404 2798 1442 2828 H
1466 2797 1570 2838 (Llc).
1610 2794 1625 2840 Η
1663 2799 1706 2829 25

194 2858 337 2880 ararum
365 2851 409 2881 G:
448 2861 614 2882 arearum
640 2852 676 2882 H
701 2849 779 2891 (Llc
805 2849 881 2892 [vl'].
915 2849 929 2893 Η
961 2854 1003 2884 26
1029 2852 1223 2894 explicatis
1252 2853 1294 2884 G:
1329 2852 1548 2894 explicantis
1579 2854 1616 2884 H
1649 2851 1704 2893 (lc,

193 2907 296 2936 —tes
322 2905 379 2947 L).
412 2904 426 2948 Η
458 2908 500 2940 28
527 2907 830 2950 explicationesq3
853 2905 858 2949 Ι
879 2912 955 2940 ante
980 2919 1049 2940 ras.
1075 2909 1121 2943 H.
1182 2906 1184 2908 ’
