1909 3322
246 216 298 257 76
895 223 1102 252 vrrnuvn

245 327 519 381 sublicaeque
557 325 765 366 machinis
804 325 1034 380 adigantur
1064 339 1190 380 quam
1221 324 1526 378 creberrimae,
1567 325 1760 366 carboni-

245 396 410 450 busque
432 392 687 449 expleantur
716 392 945 433 intervalla
975 391 1169 448 palorum
1201 398 1242 432 et
1271 398 1374 433 tunc
1405 393 1630 433 structuris
1663 392 1760 434 soli-

245 462 433 503 dissimis
455 460 735 501 fundamenta
765 459 1037 516 impleantur.
1097 460 1306 500 extructis
1337 465 1480 500 autem
1510 459 1760 500 fundamen-

244 530 298 570 tis
337 528 393 569 ad
424 527 728 570 libramentum
765 527 1008 584 stylobatae
1045 533 1144 567 sunt
1183 526 1450 568 conlocandi.
1512 542 1640 583 supra
1671 533 1759 583 sty-
1787 537 1806 567 3

244 596 409 638 lobatas
432 596 655 637 columnae
677 595 970 651 disponendae
1001 593 1362 650 quemadmodum
1393 609 1523 650 supra
1555 595 1761 651 scriptum

245 670 330 717 est,
377 664 471 705 sive
516 664 558 704 in
603 662 860 720 pycnostylo
912 661 1271 718 quemadmodum
1314 661 1618 718 pycnostyloe‚
1669 663 1761 703 sive

243 731 410 788 systylo
431 738 504 772 aut
526 730 713 787 diastylo
734 736 807 771 aut
829 730 996 786 eustylo
1028 729 1387 785 quemadmodum
1418 725 1547 786 s‘upra
1577 729 1762 785 scriptae

243 806 342 840 sunt
365 806 406 841 et
428 799 698 840 constitutae.
749 799 792 839 in
822 797 1077 854 araeostylis
1109 797 1222 837 enim
1252 796 1428 838 libertas
1462 803 1526 838 est
1557 803 1761 853 quantum

244 867 396 923 cuique
441 866 548 907 libet
593 865 895 907 constituendi.
969 865 1045 906 sed
1090 866 1150 905 ita
1189 863 1411 905 columnae
1449 865 1495 904 in
1532 865 1762 921 peripteris

178 941 218 971 10
245 933 519 976 conlocentur
555 935 620 975 uti
660 939 762 989 quot
800 932 1130 973 intercolumnia
1167 938 1266 973 sunt
1306 933 1350 972 in
1381 932 1543 984 fronte,
1577 931 1763 973 totidem

244 1002 311 1043 bis
350 1001 679 1042 intercolumnia
715 1001 819 1041 fiant
857 1000 902 1039 in
933 999 1154 1040 lateribus.
1228 1000 1289 1040 ita
1328 999 1442 1039 enim
1481 999 1562 1039 erit
1599 998 1763 1055 duplex

244 1068 469 1124 longitudo
507 1070 647 1124 operis
685 1067 740 1108 ad
780 1066 1066 1108 latitudinem.
1134 1080 1318 1122 namque
1357 1067 1430 1122 qui
1469 1065 1761 1108 columnarum

244 1137 556 1193 duplicationes
588 1135 781 1176 fecerunt
813 1135 1025 1175 erravisse
1055 1134 1279 1187 videntur⁷
1323 1134 1435 1189 quod
1471 1149 1603 1174 unum
1632 1134 1762 1174 inter-

243 1204 503 1246 columnium
534 1204 578 1243 in
607 1202 878 1257 longitudine
909 1201 1005 1257 plus
1037 1216 1164 1257 quam
1195 1208 1390 1257 oporteat
1419 1216 1668 1257 procurrere
1698 1202 1762 1242 Vi-

177 1278 217 1308 15
243 1272 381 1313 detur.
437 1270 597 1327 gradus
618 1271 663 1310 in
684 1270 826 1311 fronte
849 1269 1141 1311 constituendi
1162 1270 1223 1310 ita
1254 1275 1354 1309 sunt
1382 1271 1447 1310 uti
1478 1270 1564 1310 sint
1595 1283 1763 1325 semper
1787 1279 1807 1309 4

242 1341 427 1396 inpares.
487 1352 670 1394 namque
708 1352 804 1379 cum
842 1337 996 1378 dextro
1034 1337 1144 1394 pede
1174 1338 1338 1393 primus
1369 1336 1528 1392 gradus
1557 1336 1762 1377 ascenda-

241 1413 337 1460 tur,
377 1408 482 1447 item
522 1407 566 1447 in
606 1420 769 1446 summo
807 1404 967 1461 templo
1006 1405 1168 1460 primus
1201 1405 1283 1445 erit
1310 1403 1549 1460 ponendus.
1610 1404 1762 1445 crassi-

241 1474 414 1515 tudines
436 1479 576 1515 autem
611 1487 756 1514 eorum
787 1471 999 1527 graduum
1030 1473 1090 1513 ita
1119 1471 1331 1512 finiendas
1364 1485 1516 1512 censeo
1546 1477 1594 1512 ut
1622 1485 1762 1527 neque

242 1543 472 1583 crassiores
512 1541 719 1582 dextante
757 1555 836 1581 nec
872 1541 1088 1582 tenuiores
1128 1539 1337 1581 dodrante
1376 1539 1462 1579 sint
1501 1538 1760 1580 conlocatae.

174 1618 217 1648 20
242 1611 303 1650 sic
341 1610 454 1650 enim
493 1609 625 1651 durus
662 1623 747 1649 non
785 1609 865 1648 crit
902 1622 1117 1648 ascensus.
1178 1606 1459 1647 retractiones
1492 1612 1635 1647 autem
1664 1621 1759 1661 gra-

242 1677 374 1718 duum
411 1691 489 1717 nec
526 1677 665 1717 minus
705 1690 831 1731 quam
869 1675 1188 1731 sesquipedales
1226 1688 1304 1714 nec
1342 1673 1437 1730 plus
1477 1688 1604 1729 quam
1642 1673 1759 1729 bipe-

242 1744 358 1785 dales
398 1744 623 1785 faciendae
661 1744 880 1784 videntur.
946 1745 1049 1784 item
1087 1743 1123 1783 si
1162 1743 1275 1783 circa
1312 1741 1462 1782 aedem
1503 1741 1662 1796 gradus
1694 1740 1758 1781 fu-

239 1813 325 1853 turi
357 1819 474 1864 sunt,
507 1812 561 1852 ad
594 1812 777 1852 cundem
808 1811 981 1852 modum
1011 1811 1103 1851 fieri
1134 1809 1305 1850 debent.
1376 1810 1442 1850 sin
1472 1814 1617 1849 autem
1648 1809 1760 1849 circa
1786 1820 1805 1851 5

241 1879 391 1920 aedem
414 1880 628 1919 extribus
651 1878 856 1919 lateribus
880 1878 1056 1933 podium
1087 1877 1331 1918 faciendum
1364 1877 1464 1928 erit⁷
1496 1875 1551 1916 ad
1582 1875 1628 1916 id
1661 1890 1758 1917 con-

173 1954 215 1984 25
241 1948 444 1988 stituatur
481 1947 544 1986 uti
583 1946 771 2001 quadrae
810 1946 950 2001 spirae
988 1945 1127 1985 trunci
1167 1958 1348 1985 coronae
1384 1943 1492 1999 lysis
1533 1942 1589 1982 ad
1619 1943 1759 1998 ipsum

242 2014 501 2071 stylobatam
534 2014 606 2068 qui
638 2013 717 2053 crit
749 2012 828 2053 sub
860 2011 1150 2053 columnarum
1182 2012 1311 2067 spiris
1344 2011 1617 2052 conveniant.
1669 2016 1757 2066 sty-

198 605 217 633 Οἳ

333 2120 348 2149 1
377 2117 612 2158 sublicaeque
632 2141 639 2148 .
657 2142 663 2148 .
681 2142 687 2147 .
708 2116 902 2157 adigantur
926 2116 1019 2149 dom:
1051 2115 1268 2156 subligaque
1384 2114 1557 2155 adigatur
1584 2113 1659 2148 GH,
1691 2111 1706 2155 Η
1738 2116 1758 2145 3

243 2174 457 2216 expleantur
482 2174 596 2204 iterum
623 2174 664 2207 L,
704 2170 718 2214 Η
756 2174 776 2203 4
803 2171 1009 2203 collocandi
1034 2170 1127 2204 soa:
1167 2169 1415 2201 conlocandae
1442 2169 1543 2211 (—de
1571 2170 1612 2211 G)
1642 2169 1718 2203 GH,
1741 2168 1754 2211 Η

241 2230 419 2262 stlobatas
467 2234 544 2261 ante
586 2240 676 2261 eorr.
721 2230 757 2260 G.
804 2226 818 2270 Η
861 2229 880 2259 5
924 2227 1124 2268 ‹lispondae
1168 2231 1245 2257 {mle
1288 2237 1379 2259 corr.
1424 2227 1471 2257 ll.
1511 2223 1525 2268 Η
1569 2228 1588 2258 6
1629 2225 1758 2267 pigno-

241 2286 325 2318 stilo
354 2287 395 2323 G,
429 2286 647 2328 pygnostylo
678 2286 719 2315 H
741 2284 804 2324 (L,
831 2284 1047 2326 pypnostylo
1073 2285 1097 2320 Ι,
1130 2282 1339 2325 pipnostylo
1365 2281 1432 2324 cle).
1465 2279 1479 2324 Η
1518 2282 1756 2324 pycnostyloe

240 2353 318 2384 (Ἠοῖ
346 2341 658 2384 py(i)gnosty(i)la
686 2341 761 2372 (ill.
795 2338 809 2382 Η
841 2342 858 2371 ’7
888 2341 1048 2381 scriptae
1077 2363 1084 2370 .
1104 2367 1110 2372 .
1134 2364 1140 2370 .
1169 2338 1390 2370 constitutae
1417 2348 1495 2379 690:
1529 2337 1663 2379 scripta
1690 2361 1725 2369 ..
1748 2362 1754 2369 .

243 2399 444 2430 constituta
477 2398 553 2431 GH.
593 2395 608 2439 Η
648 2398 687 2429 10
714 2399 798 2438 quot
825 2395 939 2437 (le“):
979 2395 1073 2436 quod
1100 2396 1150 2434 H,
1184 2393 1230 2436 qd
1257 2394 1283 2424 G
1311 2393 1381 2433 (Ie).
1421 2391 1435 2436 Η
1476 2394 1516 2425 15
1541 2393 1593 2424 ita
1619 2397 1702 2424 sunt
1730 2394 1756 2425 G

242 2455 316 2495 (Ic->2
344 2456 396 2486 ita
422 2455 495 2485 sint
520 2454 560 2484 H
582 2452 653 2494 (L).
687 2451 701 2495 Η
734 2454 773 2484 17
801 2452 1055 2484 crassitudinis
1080 2456 1156 2482 ante
1181 2461 1271 2482 corr.
1307 2449 1353 2480 H.
1387 2447 1401 2491 Η
1442 2451 1482 2481 19
1508 2449 1682 2481 dextante
1710 2449 1754 2482 G:

243 2511 414 2550 ext-antae
448 2511 488 2540 H
516 2507 680 2549 (extante
715 2508 803 2547 LIc).
836 2506 850 2551 Η
882 2510 924 2539 20
951 2509 1046 2539 enim
1077 2518 1138 2539 om.
1168 2507 1207 2540 L.
1241 2502 1256 2547 Η
1288 2506 1531 2536 retractiones
1553 2506 1580 2536 G
1605 2503 1652 2545 (et
1677 2509 1755 2536 ante

241 2578 329 2600 ern-r.
348 2566 390 2608 l):
417 2566 700 2598 retractationes
718 2564 910 2605 H(Ll‹'clz).
945 2562 959 2606 Η
993 2567 1110 2595 autem
1138 2573 1197 2595 om.
1226 2562 1267 2592 L.
1301 2558 1315 2602 Η
1348 2561 1541 2602 graduum:
1570 2559 1754 2602 glaldium

242 2628 318 2655 (tute
344 2634 433 2655 corr.
460 2624 470 2653 l
496 2620 647 2664 (gradufi
674 2621 723 2658 ch,
748 2622 810 2652 sed
834 2620 960 2662 glabifi
986 2623 1020 2651 in
1045 2624 1110 2651 not.
1136 2628 1240 2659 mar-9.
1265 2615 1330 2656 elz).
1364 2614 1377 2659 Η
1410 2619 1451 2649 23
1478 2617 1640 2648 feriante
1660 2616 1753 2657 (ips.)

241 2701 332 2722 cor-r.
361 2690 399 2721 G.
432 2687 448 2731 Η
479 2690 522 2720 24
549 2688 691 2720 aedem:
720 2687 845 2719 eadem
871 2692 947 2719 ante
973 2697 1061 2719 corr.
1092 2680 1244 2727 (effidem)
1272 2682 1319 2713 H.
1351 2680 1365 2725 Η
1396 2683 1441 2714 ad
1464 2683 1499 2715 id
1518 2685 1540 2715 i.
1556 2694 1585 2717 e.
1605 2683 1652 2714 ad
1676 2693 1754 2714 eum

243 2746 394 2777 modum.
417 2743 431 2787 Η
454 2746 496 2777 25
514 2745 603 2786 lysis
620 2745 657 2775 Jl
674 2742 810 2785 (GcLle,
843 2745 887 2784 ef.
909 2744 948 2781 V,
965 2744 1015 2784 7):
1047 2742 1143 2784 lapis
1171 2746 1198 2775 G
1224 2740 1269 2777 (1'71
1294 2747 1397 2779 marg.
1426 2740 1470 2771 Ge
1493 2741 1507 2772 ῑ
1534 2739 1573 2771 ai
1597 2739 1713 2780 lysis).
1736 2739 1750 2781 Η

242 2802 355 2841 ipsam
384 2802 422 2833 G.
453 2799 468 2843 Η
499 2802 541 2833 2ss
568 2800 654 2842 sty(i
671 2800 877 2841 G)lobata1n
905 2801 971 2832 GH
1002 2799 1057 2841 (L,
1083 2801 1305 2843 stylopatam
1329 2800 1384 2840 le).
1417 2795 1433 2840 Η
1465 2798 1524 2838 qui
1557 2798 1642 2828 erit:
1669 2807 1754 2838 que-

242 2857 287 2886 rit
324 2862 400 2887 artie
431 2868 521 2889 eor-r.
555 2858 590 2889 G.
629 2855 644 2899 Η
683 2856 926 2889 columnarum
958 2858 1067 2890 Rode:
1112 2856 1276 2902 columne}
1318 2858 1360 2895 G,
1398 2856 1566 2888 columna
1589 2852 1592 2895 Ι
1614 2853 1653 2884 Η
1680 2852 1752 2893 (00-

242 2912 363 2944 lumna
388 2913 477 2954 Llc).
