1899 3322
78 459 98 489 9

56 1273 95 1305 10

54 2020 91 2050 11

561 215 623 245 DE
654 215 1005 247 ARcfflTEc'runA
1040 217 1130 247 121ss.
1163 221 1206 247 x.
1559 208 1642 249 283

124 314 280 373 populo
312 315 434 358 dedit
463 319 649 358 munus'.
700 317 760 357 ita
791 318 835 358 in
865 320 1184 374 repugnatoriis
1216 320 1344 361 rebus
1367 335 1452 361 non
1474 325 1641 362 tantum

124 383 346 424 machinae
379 383 456 425 sed
487 385 618 426 etiam
647 385 835 425 maxime
866 386 1044 426 consilia
1076 393 1176 428 sunt
1207 388 1507 444 comparanda.

236 451 334 492 Non
369 453 511 492 minus
543 451 651 493 Chio
690 467 787 493 cum
825 467 955 508 supra
985 468 1118 495 naves
1149 455 1448 496 sambucarum
1478 456 1639 497 machi-

122 533 200 560 nas
230 518 375 560 hostes
406 520 787 576 comparavissent,
819 526 950 561 noctu
981 520 1082 562 Chii
1111 529 1269 563 terram
1300 523 1504 565 harenam
1535 524 1639 580 lapi-

124 586 199 627 des
237 594 545 644 progesserunt
581 588 626 628 in
663 602 780 629 mare
809 594 909 630 ante
940 603 1123 631 murum.
1182 592 1244 632 ita
1272 590 1336 633 illi
1367 599 1538 648 postero
1571 592 1641 634 die

124 668 221 695 cum
263 654 470 696 accedere
515 654 777 710 voluissent,
822 670 956 698 naves
1003 672 1132 715 supra
1173 660 1496 713 aggerationem
1534 675 1641 716 quae

121 721 263 764 fuerat
293 721 373 764 sub
404 737 517 780 aqua
547 722 752 765 sederunt
780 738 860 764 nec
889 724 945 765 ad
966 740 1136 766 murum
1156 727 1363 768 accedere
1382 742 1459 768 nee
1485 734 1639 769 retror-

124 805 194 831 sus
227 804 273 831 se
303 790 495 847 recipere
533 798 786 848 potuerunt,
828 792 904 833 sed
936 792 998 834 ibi
1028 792 1237 836 malleolis
1271 795 1464 837 confixae
1495 797 1639 837 incen-

122 857 194 898 dio
238 865 337 900 sunt
375 858 676 914 conflagratae.
735 859 967 917 Apollonia
1008 875 1178 918 quoque
1223 877 1319 903 cum
1357 864 1640 905 circumsede-

121 931 241 967 retur
277 932 319 968 et
357 941 510 984 specus
555 927 700 969 hostes
739 927 944 970 fodiendo
984 930 1223 984 cogitarent
1268 931 1360 971 sine
1398 932 1642 988 suspicione

120 994 234 1035 intra
254 995 423 1036 moenia
453 1001 694 1051 penetrare,
728 995 774 1036 id
795 1002 938 1038 autem
960 1011 984 1037 a
1007 997 1350 1053 speculatoribus
1375 1006 1487 1040 esset
1508 999 1640 1056 Apol-

121 1059 357 1104 loniatibus
396 1064 714 1117 renuntiatum,
763 1064 1003 1121 perturbati
1041 1067 1192 1106 nuntio
1232 1073 1408 1123 propter
1444 1068 1641 1108 timorem

122 1128 313 1172 consiliis
351 1130 596 1186 indigentes
634 1133 790 1173 animis
829 1132 1110 1186 deficiebant,
1151 1134 1265 1190 quod
1303 1149 1441 1191 neque
1471 1142 1641 1192 tempus

120 1212 260 1254 neque
306 1204 471 1240 certum
517 1198 658 1241 locum
703 1202 815 1242 scire
856 1208 1054 1258 poterant
1100 1217 1182 1258 quo
1229 1216 1439 1243 emersum
1485 1203 1641 1244 facturi

122 1264 308 1306 fuissent
346 1265 506 1308 hostes.
566 1274 657 1309 tum
688 1282 791 1309 vero
830 1268 1008 1326 Trypho
1038 1268 1362 1312 Alexandrinus
1396 1269 1458 1311 ibi
1498 1270 1638 1312 fuerat

120 1333 397 1375 architectus,
448 1335 484 1377 is
516 1336 630 1377 intra
659 1351 828 1378 murum
866 1335 1010 1394 plures
1042 1352 1195 1394 specus
1228 1338 1474 1392 designavit
1506 1345 1547 1380 et
1578 1338 1637 1380 fo-

121 1399 279 1443 diendo
318 1407 479 1444 terram
516 1404 876 1460 progrediebatur
907 1410 1029 1445 extra
1060 1420 1229 1446 murum
1260 1405 1485 1447 dumtaxat
1517 1412 1641 1448 extra

120 1470 306 1524 sagittae
337 1471 612 1513 emissionem
644 1478 685 1513 et
715 1473 760 1513 in
792 1472 991 1514 omnibus
1013 1486 1118 1512 vasa
1146 1487 1280 1513 aenea
1301 1474 1541 1531 suspendit.
1587 1489 1641 1516 ex

119 1536 187 1578 his
225 1537 271 1578 in
307 1552 393 1579 una
437 1537 608 1580 fossura
646 1553 754 1597 quae
785 1545 934 1581 contra
964 1539 1154 1582 hostium
1185 1555 1335 1597 specus
1367 1541 1507 1583 fuerat
1537 1557 1641 1583 vasa

119 1604 353 1661 pendentia
383 1606 439 1646 ad
470 1605 619 1664 plagas
652 1607 1010 1649 ferramentorum
1041 1623 1193 1649 sonare
1216 1616 1463 1666 coeperunt.
1502 1611 1563 1651 ita
1585 1625 1639 1652 ex

121 1686 170 1713 eo
192 1671 459 1714 intellectum
491 1681 555 1716 est
577 1690 660 1732 qua
681 1676 858 1730 regione
881 1675 1122 1717 adversarii
1153 1691 1306 1732 specus
1328 1684 1504 1733 agentes
1527 1679 1639 1720 intra

119 1746 346 1797 penetrare
384 1742 649 1796 cogitabant.
711 1745 774 1785 sic
812 1743 1044 1786 lineatione
1077 1745 1250 1799 cognita
1280 1746 1539 1802 temperavit
1569 1760 1638 1786 ae-

119 1822 200 1849 nea
229 1822 365 1865 aquae
396 1808 607 1852 ferventis
639 1817 679 1852 et
701 1813 809 1868 picis
833 1812 887 1853 de
910 1826 1094 1868 superno
1118 1819 1266 1854 contra
1288 1814 1430 1870 capita
1451 1813 1640 1855 hostium

120 1882 161 1918 et
191 1877 392 1918 stercoris
424 1877 598 1919 humani
630 1885 671 1921 et
701 1879 886 1921 harenae
917 1887 1063 1922 coctae
1085 1880 1326 1922 candentis.
1378 1881 1479 1922 dein
1509 1887 1639 1923 noctu

120 1943 315 2000 pertudit
346 1944 497 1986 crebra
528 1945 739 1988 foramina
771 1954 811 1989 et
841 1962 916 2005 per
949 1963 998 1989 ea
1028 1955 1204 2005 repente
1236 1949 1535 2006 perfundendo
1568 1950 1639 2005 qui

119 2011 164 2052 in
203 2025 251 2053 eo
291 2027 419 2070 opere
464 2013 637 2056 fuerunt
680 2016 824 2057 hostes
870 2031 1015 2058 omnes
1056 2018 1243 2057 necavit.
1304 2017 1406 2058 item
1444 2016 1640 2058 Massilia

119 2092 215 2118 cum
247 2087 569 2136 oppugnaretur
601 2088 642 2123 et
672 2098 849 2125 numero
881 2099 1010 2141 supra
1032 2096 1129 2125 xxx
1151 2099 1304 2141 specus
1327 2091 1418 2126 tum
1446 2091 1637 2139 agerent,

207 2184 228 2213 4
254 2182 338 2214 Chii
363 2186 436 2218 ed.:
468 2185 520 2216 hii
545 2186 583 2216 H
607 2184 730 2226 (ΕΜΔ),
755 2187 793 2218 hi
817 2187 881 2219 EG
907 2186 978 2230 (Ie).
1011 2186 1025 2230 {l
1063 2190 1082 2220 5
1109 2193 1370 2230 progesserunt
1405 2188 1523 2219 EcGH
1556 2189 1637 2229 (ele),

120 2242 376 2280 —gresserunt
401 2246 478 2272 ante
496 2252 567 2274 ras.
583 2242 613 2273 E
633 2243 700 2282 (LI,
717 2245 780 2275 sed
794 2246 823 2275 lc
839 2255 945 2285 supra
961 2247 1099 2286 scripsit
1125 2246 1204 2277 ieee
1224 2246 1259 2276 id
1275 2249 1323 2276 est
1342 2244 1602 2286 proiecerunt).
1633 2244 1635 2250 '

119 2296 137 2326 7
165 2295 288 2327 fuerat
313 2295 378 2330 ch
406 2301 534 2329 ——rant
560 2299 663 2331 EGH
687 2299 730 2339 (Ic
755 2304 787 2331 et
813 2305 889 2331 ante
915 2311 1003 2334 corr.
1030 2302 1090 2340 L).
1123 2299 1138 2343 ΙΙ
1169 2303 1189 2333 8
1215 2301 1395 2333 malleolis
1413 2301 1452 2331 Il
1475 2300 1634 2339 (GcLlc):

119 2351 311 2384 malleonis
336 2353 370 2384 E
395 2359 428 2385 ct
451 2358 528 2386 ante
554 2365 643 2389 corr.
673 2356 710 2390 G.
744 2353 758 2398 1}
787 2357 806 2388 9
833 2356 1045 2398 appollonia
1070 2358 1107 2388 H
1132 2357 1224 2397 (Le).
1256 2355 1269 2399 ll
1307 2360 1345 2389 10
1371 2357 1580 2397 suscipione
1609 2356 1636 2387 L

119 2407 197 2448 (sed
218 2418 323 2450 supra
349 2410 398 2441 Le
423 2410 652 2452 suspitione).
684 2409 698 2453 Η
736 2413 773 2443 1-2
800 2413 928 2444 nunt-io
954 2414 991 2444 H
1009 2412 1117 2453 (LZ‹:):
1146 2414 1263 2445 nuntii
1290 2414 1361 2445 EG.
1394 2410 1408 2454 Η
1442 2413 1482 2443 15
1500 2414 1574 2442 tum
1600 2412 1637 2442 ll

118 2464 229 2505 (Llc):
270 2468 355 2496 tune
388 2467 462 2498 EG.
497 2465 513 2509 ῙΙ
551 2468 591 2498 16
617 2467 840 2499 architectus
872 2469 968 2500 intra
1002 2469 1106 2501 EGH
1141 2468 1187 2510 (is
1218 2469 1362 2508 addidi).
1393 2466 1407 2509 Η
1447 2467 1636 2509 plurespe-

120 2530 184 2551 cus
210 2525 287 2552 ante
312 2532 403 2555 conr.
428 2523 469 2554 II
491 2523 627 2565 (plures
646 2534 756 2566 pecus
782 2529 859 2556 {nne
885 2534 974 2557 corr.
996 2525 1050 2565 L),
1075 2523 1089 2568 [Ι
1113 2536 1260 2568 specus:
1288 2525 1422 2566 speties
1448 2530 1524 2555 (mle
1543 2534 1632 2555 corr.

119 2573 259 2617 (—eus)
280 2578 316 2614 G,
336 2579 480 2619 speeies
500 2579 542 2613 E.
566 2577 581 2622 Η
607 2581 645 2611 18
663 2581 798 2623 sagitte
818 2581 1046 2612 emissionem
1065 2582 1128 2614 EG
1147 2582 1223 2623 <L):
1250 2582 1387 2621 sagitta
1406 2580 1635 2611 emissionem

118 2632 157 2663 H
181 2631 215 2672 (l,
243 2633 457 2674 sagittaems
482 2635 619 2667 sionem
639 2648 666 2673 e,
693 2637 855 2677 sagittae
875 2638 1080 2670 missionem
1099 2639 1145 2679 Ιι).
1170 2637 1183 2681 Η
1213 2640 1255 2669 ‘20
1282 2636 1529 2675 ferrumenufi
1551 2636 1588 2665 G.
1618 2635 1633 2673 ¹}

117 2689 160 2720 22
184 2688 378 2722 liniatione
405 2691 508 2723 EGH
535 2690 638 2733 (Llcc,
665 2695 819 2725 sedante
838 2705 927 2725 corr.
955 2706 971 2725 c
995 2694 1229 2733 limitatione).
1261 2692 1275 2736 [Ι
1307 2691 1522 2733 temperavit
1553 2690 1633 2723 EG:

118 2744 334 2786 temperar&
366 2747 401 2778 fl
432 2747 491 2787 (lc,
522 2751 623 2779 ——ret
648 2750 704 2788 L).
742 2747 756 2791 ἶ]
796 2751 839 2781 23
872 2751 915 2781 (le
941 2761 1097 2792 superno
1123 2751 1332 2782 Lachmann:
1372 2748 1535 2788 ‹lesupna
1565 2746 1634 2782 EG,

119 2799 325 2841 desupffnae
351 2802 392 2833 Il
414 2802 514 2845 (Le-le,
541 2814 632 2845 -—n‹2
657 2806 678 2844 l,
706 2816 794 2836 —ne
814 2807 886 2845 Le).
916 2803 930 2848 ΙΙ
962 2808 1003 2839 25
1030 2807 1175 2838 erebra:
1205 2805 1328 2836 erebra
1356 2802 1430 2843 (sie)
1453 2804 1495 2833 ll.
1519 2801 1532 2844 Η
1559 2803 1634 2843 pfu-

118 2856 235 2888 dendo
260 2858 293 2889 E
324 2863 357 2890 et
387 2863 465 2891 (ιηίε
495 2870 585 2891 corr.
620 2859 672 2900 (n)
708 2862 744 2891 G.
776 2859 790 2902 Η
829 2863 870 2893 ‘27
897 2872 1025 2904 specus
1050 2866 1122 2894 tum
1149 2863 1242 2892 .l0‹·.:
1278 2859 1503 2902 speculatum
1536 2859 1633 2899 (--ts=

118 2912 196 2954 EG)
223 2912 328 2945 EGII
350 2912 438 2956 (lde,
465 2915 651 2962 speculati]
681 2918 751 2957 GC).

1669 940 1710 971 10

1668 1278 1708 1308 15

1665 1617 1708 1648 20

1665 1956 1708 1986 25
