1909 3322
218 208 298 248 184
865 210 1073 241 virauvn

216 321 261 360 in
284 333 366 374 qua
394 322 493 357 ante
525 315 694 355 fuerant
724 314 1045 370 proprietatem.
1105 310 1375 367 Pythagoras
1407 322 1535 360 vero,
1574 307 1730 364 Empe-

219 385 377 436 docles,
411 382 693 439 Epicharmos
724 381 884 437 aliique
915 379 1085 437 physici
1119 383 1161 418 et
1197 374 1444 433 philosophi
1481 374 1587 416 haec
1617 375 1731 431 prin-

221 453 334 508 cipia
357 465 449 491 esse
471 455 674 505 quattuor
696 453 1024 505 proposuerunt,
1055 459 1197 486 aerem
1219 445 1363 498 ignem
1385 448 1542 483 terram
1563 456 1732 497 aquam,

221 532 450 574 eorumque
481 518 592 557 inter
623 531 666 557 se
698 516 1013 557 cohaerentiam
1042 510 1229 554 naturali
1267 510 1523 564 figuratione
1554 523 1576 549 e
1606 523 1732 564 gene-

174 600 194 627 5
220 602 313 627 rum
352 583 674 626 discriminibus
714 583 884 625 efficere
916 580 1158 637 qualitates.
1217 576 1601 618 animadvertimus
1632 590 1734 616 vero
1760 587 1780 616 2

219 669 303 695 non
341 653 478 694 solum
515 651 738 692 nascentia
775 665 830 691 ex
875 650 940 690 his
981 662 1075 689 esse
1119 651 1341 702 procreata
1381 643 1457 684 sed
1502 645 1631 685 etiam
1669 659 1737 685 res

220 735 367 762 omnes
398 735 484 762 non
513 719 570 759 ali
601 719 693 759 sine
723 733 868 759 eorum
899 719 1111 772 potestate
1131 726 1270 768 neque
1291 725 1483 753 creseere
1504 725 1583 751 nec
1612 711 1738 752 tueri.

222 802 406 843 namque
437 801 615 842 corpora
636 786 727 826 sine
749 785 925 841 spiritus
947 780 1236 823 redundantia
1257 794 1342 821 non
1371 784 1551 834 possunt
1581 777 1739 819 habere

223 857 379 908 vitam,
420 855 504 895 nisi
543 868 616 894 aer
653 853 835 894 influens
875 866 971 892 cnm
1014 850 1277 890 incremento
1322 846 1474 887 fecerit
1510 852 1660 887 auctus
1699 852 1740 886 et

160 935 199 964 10
223 923 497 964 remissiones
536 921 819 961 continenter.
887 917 1037 959 caloris
1071 930 1171 957 vero
1209 916 1246 956 si
1283 929 1369 955 non
1407 913 1538 954 fuerit
1575 914 1620 954 in
1650 928 1739 954 eor-

225 1005 327 1046 pore
359 990 472 1030 insta
505 988 787 1042 comparatio,
819 1000 905 1026 non
936 985 1015 1025 erit
1047 984 1224 1040 spiritus
1256 980 1453 1022 animalis
1484 994 1622 1036 neque
1653 995 1739 1020 ere-

227 1058 311 1098 ctio
343 1057 464 1096 firma
475 1088 486 1108 7
519 1055 689 1109 cibique
721 1054 835 1094 vires
865 1068 950 1093 non
980 1056 1181 1107 poterunt
1210 1048 1368 1090 habere
1400 1048 1605 1089 coctionis
1638 1054 1740 1088 tem-

230 1130 485 1180 peraturam.
545 1122 648 1162 item
680 1121 717 1162 si
746 1136 830 1161 non
860 1120 1055 1161 terrestri
1085 1117 1181 1158 cibo
1203 1115 1393 1157 membra
1415 1115 1606 1171 corporis
1627 1114 1742 1155 alan-

231 1199 301 1232 tur
311 1223 322 1244 ,
355 1189 609 1229 deficientur
640 1195 681 1229 et
711 1189 771 1229 ita
800 1203 825 1228 a
856 1189 1013 1228 terreni
1044 1184 1248 1242 principii
1277 1182 1487 1224 mixtione
1518 1188 1641 1223 erunt
1672 1181 1742 1222 de-

163 1272 202 1300 15
228 1264 354 1299 serta.
414 1255 615 1297 animalia
637 1271 738 1297 vero
771 1256 807 1296 si
837 1254 998 1295 fuerint
1029 1255 1120 1295 sine
1141 1252 1301 1293 umoris
1333 1255 1559 1306 potestate,
1592 1264 1742 1290 exsan-
1770 1261 1789 1290 3

228 1326 407 1380 guinata
454 1330 494 1364 et
540 1329 746 1364 exsucata
792 1338 816 1363 a
863 1322 1172 1378 principiorum
1218 1319 1382 1374 liquore
1422 1318 1742 1359 interarescent.

231 1393 364 1447 igitur
395 1392 544 1432 divina
584 1405 702 1431 mens
736 1404 843 1446 quae
882 1389 1054 1445 proprie
1091 1387 1332 1428 necessaria
1364 1390 1506 1426 essent
1543 1384 1744 1440 gentibus

230 1475 315 1501 non
346 1459 571 1500 constituit
607 1457 802 1498 difficilia
840 1463 881 1498 et
918 1471 1035 1510 cara,
1078 1456 1141 1496 uti
1169 1454 1278 1510 [sunt
1308 1452 1566 1508 margaritae
1595 1467 1745 1493 aurum

231 1532 457 1582 argentum
488 1531 712 1581 ceteraque
743 1539 850 1581 quae
880 1537 1017 1579 neque
1049 1537 1200 1578 corpus
1232 1536 1311 1562 nec
1341 1526 1493 1561 natura
1514 1519 1746 1571 desiderat,

166 1608 208 1637 ‘20
234 1594 309 1635 sed
341 1594 433 1634 sine
460 1593 613 1648 quibus
645 1591 890 1634 mortalium
911 1592 1002 1632 vita
1024 1606 1107 1631 non
1138 1595 1280 1645 potest
1302 1602 1395 1629 esse
1425 1594 1532 1640 tuta,
1565 1601 1614 1627 ea
1633 1587 1747 1627 fudit

234 1661 289 1702 ad
329 1676 502 1701 manum
538 1665 687 1715 parata
724 1673 800 1715 per
837 1673 1004 1699 omnem
1041 1657 1260 1698 mundum.
1320 1656 1466 1710 itaque
1497 1669 1551 1694 ex
1581 1654 1670 1708 his,
1711 1655 1747 1694 si

236 1727 339 1784 quid
370 1728 481 1769 forte
503 1727 606 1768 defit
636 1728 681 1768 in
712 1740 889 1782 corpore
920 1726 1118 1781 spiritus,
1151 1725 1205 1765 ad
1235 1721 1550 1764 restituendum
1580 1736 1652 1762 aer
1673 1721 1745 1762 ad-

236 1797 431 1850 signatus
455 1795 499 1836 id
531 1800 735 1851 praestat.
785 1799 1015 1850 apparatus
1036 1798 1180 1833 autem
1201 1791 1256 1831 ad
1285 1788 1449 1831 auxilia
1471 1789 1622 1830 caloris
1645 1787 1747 1829 solis

237 1865 421 1919 impetus
461 1869 502 1903 et
538 1863 653 1917 ignis
684 1863 887 1903 inventus
918 1861 1119 1902 tutiorem
1151 1859 1284 1899 efficit
1320 1858 1465 1898 vitam.
1525 1857 1628 1898 item
1666 1862 1747 1897 ter-

170 1946 212 1974 25
237 1946 363 1972 renus
395 1930 559 1970 fructus
591 1944 783 1970 escarum
813 1934 1034 1985 praestans
1067 1927 1200 1983 copiis
1224 1925 1501 1982 supervacuis
1534 1923 1748 1965 desidera—

236 1997 375 2038 tiones
412 1995 451 2036 al
483 2000 494 2033 t
531 2002 571 2037 et
608 1997 743 2038 nutrit
787 1995 992 2037 animales
1037 1993 1251 2050 pascendo
1292 1993 1573 2034 continenter.
1640 2005 1750 2047 aqua

332 2113 341 2137 1
375 2111 483 2151 inun
508 2109 549 2143 L,
585 2108 599 2152 Η
631 2113 716 2141 ante
745 2111 814 2141 GII
843 2110 902 2149 (lc,
935 2111 1045 2140 antea
1075 2108 1133 2148 L).
1165 2105 1179 2149 Η
1211 2107 1358 2139 fuerant
1392 2107 1419 2138 G
1449 2105 1528 2146 (L):
1562 2106 1684 2138 fuerat
1715 2106 1751 2136 H

236 2174 311 2207 μυ),
337 2165 350 2209 Η
371 2166 631 2207 proprietatem
648 2167 686 2196 H
703 2165 797 2206 (—te
823 2165 896 2206 Ll):
924 2167 1064 2195 —tates
1085 2164 1123 2197 G.
1144 2161 1158 2205 Η
1182 2165 1201 2194 2
1219 2163 1444 2205 epieharmos
1460 2162 1573 2194 EGH.
1595 2160 1610 2203 Η
1633 2164 1653 2194 3
1672 2171 1751 2193 esse

243 2225 430 2264 quattuor:
456 2222 504 2253 sic
528 2221 641 2255 EGII.
665 2219 680 2264 Η
705 2232 824 2253 aerem
842 2222 893 2252 lzz'e
911 2230 1033 2252 omnes.
1056 2217 1069 2262 Η
1093 2225 1226 2251 terram
1245 2229 1392 2260 aquam:
1418 2220 1467 2251 sic
1484 2218 1598 2250 EGH.
1621 2215 1636 2260 Η
1658 2219 1678 2249 4
1697 2228 1753 2249 00-

242 2278 468 2310 haerentiam
496 2278 587 2311 Gal-2
616 2278 828 2309 coherentia
854 2277 965 2309 EGII.
997 2274 1010 2318 Η
1040 2286 1233 2318 egenorum
1265 2275 1371 2308 EGH
1393 2273 1465 2315 (LI,
1492 2285 1662 2316 generum
1694 2285 1753 2307 om.

241 2346 363 2376 praep.
382 2333 450 2375 eh).
476 2331 490 2376 Η
513 2335 531 2365 7
552 2333 601 2364 ali
622 2332 814 2373 GJJ(L0<·71,
831 2333 894 2363 alii
909 2335 930 2374 l,
946 2333 1067 2375 alique
1085 2338 1162 2364 ante
1176 2343 1244 2366 ras.
1264 2330 1323 2373 l,):
1345 2331 1450 2362 aliter
1463 2331 1506 2362 E.
1531 2328 1546 2373 Η
1568 2332 1588 2362 8
1605 2331 1755 2372 spiritus

245 2391 362 2424 Selene
401 2390 534 2432 spiritu
558 2389 670 2420 EGH.
702 2387 715 2431 Η
758 2392 797 2421 lo
830 2389 1063 2420 continentur
1095 2390 1122 2419 G
1148 2387 1228 2429 (non
1252 2388 1312 2427 E).
1349 2384 1364 2429 Η
1402 2386 1534 2418 caloris
1565 2386 1666 2418 EGH
1698 2384 1754 2427 (L,

246 2446 377 2478 eoloris
403 2447 458 2487 lc).
486 2443 501 2487 Η
531 2446 570 2476 12
598 2445 790 2476 coctionis:
817 2446 864 2476 sic
891 2445 1002 2479 EGH.
1036 2442 1050 2486 Η
1084 2446 1124 2475 14
1149 2443 1362 2475 deficientur
1387 2443 1424 2474 H
1449 2440 1559 2482 (Lle):
1586 2441 1757 2473 deficient

250 2503 318 2532 KG.
348 2499 363 2544 Η
394 2502 432 2533 15
457 2501 617 2531 humoris
644 2500 684 2535 E,
711 2501 844 2532 umoris
872 2502 941 2532 GH
963 2498 1108 2540 (umeris
1133 2503 1210 2531 ante
1235 2509 1324 2531 corr.
1343 2498 1389 2537 Il,
1418 2499 1549 2530 umeris
1568 2498 1608 2537 L,
1633 2498 1757 2529 hume-

247 2558 293 2588 ris
320 2559 375 2598 le).
406 2555 420 2599 Η
454 2557 493 2587 16
520 2558 695 2587 exsucata
723 2556 791 2586 Gls
814 2557 868 2596 (L,
889 2557 1076 2588 exsiccata
1099 2554 1155 2596 Ic),
1183 2557 1380 2595 exsuccata
1400 2554 1441 2586 E.
1473 2552 1487 2596 Η
1516 2554 1757 2586 iterarescent

247 2616 285 2644 le.
319 2612 333 2654 Η
368 2614 407 2644 19
433 2622 548 2654 neque
577 2622 704 2653 corpus
730 2623 797 2644 nec
821 2613 861 2643 ll
884 2612 990 2653 (Llc):
1018 2621 1135 2653 neque
1162 2619 1290 2652 corpus
1316 2620 1432 2651 neque
1459 2609 1532 2641 EG.
1557 2607 1571 2651 Η
1599 2610 1641 2641 20
1667 2611 1755 2642 tuta,

250 2680 293 2700 ea
318 2669 412 2700 fudit
437 2679 497 2709 690
524 2667 663 2709 (effudit
688 2668 773 2707 ed.):
804 2669 1007 2700 tutaefudit
1032 2669 1071 2699 H
1099 2668 1217 2707 (tutae
1245 2666 1338 2697 fudit
1362 2677 1395 2702 e,
1424 2668 1504 2697 tuta
1538 2665 1665 2696 effudit
1690 2665 1756 2701 eelz,

250 2728 328 2756 tuta
351 2724 354 2766 Ι
377 2724 493 2756 efudit
519 2727 544 2761 l,
575 2726 652 2767 tute
680 2723 773 2755 fudit
798 2723 860 2765 L),
894 2727 972 2756 tuta
999 2724 1091 2756 fudit
1115 2723 1190 2756 EG.
1218 2719 1232 2765 Η
1265 2723 1306 2752 22
1332 2721 1418 2753 defit
1451 2722 1519 2752 GH
1541 2720 1630 2761 (Ll):
1665 2721 1758 2751 desit

256 2781 282 2810 Ε
308 2779 387 2822 (elz).
420 2778 434 2822 Η
466 2782 508 2812 23
535 2779 688 2812 auxilia:
713 2781 761 2811 sic
787 2780 899 2812 EGII.
933 2778 947 2822 Η
979 2780 1112 2812 caloris
1137 2779 1199 2810 EG
1226 2777 1330 2818 (LI⁶):
1359 2777 1489 2809 coloris
1507 2776 1547 2807 H
1568 2774 1600 2816 (e
1624 2782 1656 2808 et
1681 2781 1758 2807 (mle

252 2847 344 2867 ‹oz-r.
368 2837 401 2875 l).
435 2834 449 2878 Η
480 2838 522 2868 25
549 2835 837 2867 desiderationcs
871 2834 930 2875 (sc.
963 2835 1078 2876 —nis)
1111 2835 1226 2867 Solem:
1260 2832 1584 2865 desiderationibus
1618 2831 1680 2873 (sic
1712 2833 1758 2871 ll,

253 2893 373 2932 ‹rr—nim
400 2892 476 2933 EG)
504 2892 615 2926 EGH,
