<?xml version="1.0" encoding="UTF-8"?>
<!DOCTYPE html PUBLIC "-//W3C//DTD XHTML 1.0 Transitional//EN"
    "http://www.w3.org/TR/xhtml1/DTD/xhtml1-transitional.dtd">
<html xmlns="http://www.w3.org/1999/xhtml" xml:lang="en" lang="en">
 <head>
  <title>
</title>
<meta http-equiv="Content-Type" content="text/html;charset=utf-8" />
  <meta name='ocr-system' content='tesseract 3.04.00' />
  <meta name='ocr-capabilities' content='ocr_page ocr_carea ocr_par ocr_line ocrx_word'/>
</head>
<body>
  <div class='ocr_page' id='page_1' title='image "./dearchitecturali00vitruoft_0154.png"; bbox 0 0 1909 3322; ppageno 0'>
   <div class='ocr_carea' id='block_1_1' title="bbox 135 934 174 964">
    <p class='ocr_par' dir='ltr' id='par_1_1' title="bbox 135 934 174 964">
     <span class='ocr_line' id='line_1_1' title="bbox 135 934 174 964; baseline 0.026 -1"><span class='ocrx_word' id='word_1_1' title='bbox 135 934 174 964; x_wconf 82' lang='lat'>10</span> 
     </span>
    </p>
   </div>
   <div class='ocr_carea' id='block_1_2' title="bbox 136 1269 175 1298">
    <p class='ocr_par' dir='ltr' id='par_1_2' title="bbox 136 1269 175 1298">
     <span class='ocr_line' id='line_1_2' title="bbox 136 1269 175 1298; baseline 0.026 -1"><span class='ocrx_word' id='word_1_2' title='bbox 136 1269 175 1298; x_wconf 79' lang='lat'>15</span> 
     </span>
    </p>
   </div>
   <div class='ocr_carea' id='block_1_3' title="bbox 203 210 1057 251">
    <p class='ocr_par' dir='ltr' id='par_1_3' title="bbox 203 210 1057 251">
     <span class='ocr_line' id='line_1_3' title="bbox 203 210 1057 251; baseline -0.008 0"><span class='ocrx_word' id='word_1_3' title='bbox 203 210 281 251; x_wconf 77' lang='lat'>136</span> <span class='ocrx_word' id='word_1_4' title='bbox 850 215 1057 245; x_wconf 71' lang='lat' dir='ltr'>vlruuvn</span> 
     </span>
    </p>
   </div>
   <div class='ocr_carea' id='block_1_4' title="bbox 196 316 1756 1650">
    <p class='ocr_par' dir='ltr' id='par_1_4' title="bbox 196 316 1756 1650">
     <span class='ocr_line' id='line_1_4' title="bbox 196 316 1713 372; baseline -0.004 -10"><span class='ocrx_word' id='word_1_5' title='bbox 196 323 395 372; x_wconf 83' lang='lat' dir='ltr'>trionum,</span> <span class='ocrx_word' id='word_1_6' title='bbox 429 321 520 360; x_wconf 90' lang='lat' dir='ltr'>sine</span> <span class='ocrx_word' id='word_1_7' title='bbox 552 318 821 358; x_wconf 78' lang='lat' dir='ltr'>dubitatione</span> <span class='ocrx_word' id='word_1_8' title='bbox 847 316 1246 363; x_wconf 74' lang='lat' dir='ltr'>animadvertemus</span> <span class='ocrx_word' id='word_1_9' title='bbox 1266 331 1327 357; x_wconf 62' lang='lat' dir='ltr'>&gt;ex</span> <span class='ocrx_word' id='word_1_10' title='bbox 1356 330 1403 357; x_wconf 90' lang='lat' dir='ltr'>eo</span> <span class='ocrx_word' id='word_1_11' title='bbox 1426 330 1520 357; x_wconf 88' lang='lat' dir='ltr'>esse</span> <span class='ocrx_word' id='word_1_12' title='bbox 1542 317 1713 358; x_wconf 88' lang='lat' dir='ltr'>schema</span> 
     </span>
     <span class='ocr_line' id='line_1_5' title="bbox 196 374 1711 442; baseline -0.003 -13"><span class='ocrx_word' id='word_1_13' title='bbox 196 387 373 442; x_wconf 86' lang='lat' dir='ltr'>trigonii</span> <span class='ocrx_word' id='word_1_14' title='bbox 411 385 591 437; x_wconf 88' lang='lat' dir='ltr'>mundo,</span> <span class='ocrx_word' id='word_1_15' title='bbox 630 384 695 425; x_wconf 91' lang='lat' dir='ltr'>uti</span> <span class='ocrx_word' id='word_1_16' title='bbox 733 384 883 439; x_wconf 88' lang='lat' dir='ltr'>organi</span> <span class='ocrx_word' id='word_1_17' title='bbox 921 398 1048 439; x_wconf 85' lang='lat' dir='ltr'>quam</span> <span class='ocrx_word' id='word_1_18' title='bbox 1077 374 1313 437; x_wconf 59' lang='lat' dir='ltr'>occyssvimqv</span> <span class='ocrx_word' id='word_1_19' title='bbox 1350 382 1505 423; x_wconf 78' lang='lat' dir='ltr'>Graeci</span> <span class='ocrx_word' id='word_1_20' title='bbox 1547 383 1711 424; x_wconf 85' lang='lat' dir='ltr'>dicunt.</span> 
     </span>
     <span class='ocr_line' id='line_1_6' title="bbox 196 448 1756 509; baseline -0.003 -15"><span class='ocrx_word' id='word_1_21' title='bbox 196 456 341 509; x_wconf 88' lang='lat' dir='ltr'>itaque</span> <span class='ocrx_word' id='word_1_22' title='bbox 372 452 486 508; x_wconf 89' lang='lat' dir='ltr'>quod</span> <span class='ocrx_word' id='word_1_23' title='bbox 517 458 581 493; x_wconf 90' lang='lat' dir='ltr'>est</span> <span class='ocrx_word' id='word_1_24' title='bbox 613 451 799 507; x_wconf 87' lang='lat' dir='ltr'>spatium</span> <span class='ocrx_word' id='word_1_25' title='bbox 829 451 1073 507; x_wconf 81' lang='lat' dir='ltr'>proximum</span> <span class='ocrx_word' id='word_1_26' title='bbox 1103 451 1188 491; x_wconf 91' lang='lat' dir='ltr'>imo</span> <span class='ocrx_word' id='word_1_27' title='bbox 1220 450 1387 490; x_wconf 80' lang='lat' dir='ltr'>cardini</span> <span class='ocrx_word' id='word_1_28' title='bbox 1407 448 1462 489; x_wconf 89' lang='lat' dir='ltr'>ab</span> <span class='ocrx_word' id='word_1_29' title='bbox 1482 450 1577 490; x_wconf 79' lang='lat' dir='ltr'>axis</span> <span class='ocrx_word' id='word_1_30' title='bbox 1598 449 1713 490; x_wconf 90' lang='lat' dir='ltr'>linea</span> <span class='ocrx_word' id='word_1_31' title='bbox 1737 460 1756 489; x_wconf 86' lang='grc'>6</span> 
     </span>
     <span class='ocr_line' id='line_1_7' title="bbox 197 517 1714 573; baseline -0.002 -13"><span class='ocrx_word' id='word_1_32' title='bbox 197 523 241 561; x_wconf 91' lang='lat' dir='ltr'>in</span> <span class='ocrx_word' id='word_1_33' title='bbox 271 519 524 560; x_wconf 84' lang='lat' dir='ltr'>meridianis</span> <span class='ocrx_word' id='word_1_34' title='bbox 554 519 727 571; x_wconf 78' lang='lat' dir='ltr'>finibus,</span> <span class='ocrx_word' id='word_1_35' title='bbox 759 518 839 559; x_wconf 90' lang='lat' dir='ltr'>sub</span> <span class='ocrx_word' id='word_1_36' title='bbox 872 533 920 559; x_wconf 88' lang='lat' dir='ltr'>eo</span> <span class='ocrx_word' id='word_1_37' title='bbox 950 517 1041 559; x_wconf 91' lang='lat' dir='ltr'>loco</span> <span class='ocrx_word' id='word_1_38' title='bbox 1074 531 1182 573; x_wconf 88' lang='lat' dir='ltr'>quae</span> <span class='ocrx_word' id='word_1_39' title='bbox 1204 522 1303 558; x_wconf 88' lang='lat' dir='ltr'>sunt</span> <span class='ocrx_word' id='word_1_40' title='bbox 1324 517 1517 557; x_wconf 88' lang='lat' dir='ltr'>nationes</span> <span class='ocrx_word' id='word_1_41' title='bbox 1538 523 1714 573; x_wconf 87' lang='lat' dir='ltr'>propter</span> 
     </span>
     <span class='ocr_line' id='line_1_8' title="bbox 197 583 1712 629; baseline -0.002 -1"><span class='ocrx_word' id='word_1_42' title='bbox 197 588 454 629; x_wconf 86' lang='lat' dir='ltr'>brevitatem</span> <span class='ocrx_word' id='word_1_43' title='bbox 484 585 727 627; x_wconf 78' lang='lat' dir='ltr'>altitudinis</span> <span class='ocrx_word' id='word_1_44' title='bbox 765 586 822 626; x_wconf 90' lang='lat' dir='ltr'>ad</span> <span class='ocrx_word' id='word_1_45' title='bbox 851 585 1059 626; x_wconf 88' lang='lat' dir='ltr'>mundum</span> <span class='ocrx_word' id='word_1_46' title='bbox 1090 585 1277 625; x_wconf 88' lang='lat' dir='ltr'>sonitum</span> <span class='ocrx_word' id='word_1_47' title='bbox 1307 583 1427 624; x_wconf 85' lang='lat' dir='ltr'>vocis</span> <span class='ocrx_word' id='word_1_48' title='bbox 1458 583 1622 625; x_wconf 89' lang='lat' dir='ltr'>faciunt</span> <span class='ocrx_word' id='word_1_49' title='bbox 1651 590 1712 625; x_wconf 90' lang='lat' dir='ltr'>te-</span> 
     </span>
     <span class='ocr_line' id='line_1_9' title="bbox 198 650 1715 707; baseline -0.002 -12"><span class='ocrx_word' id='word_1_50' title='bbox 198 670 323 696; x_wconf 90' lang='lat' dir='ltr'>nuem</span> <span class='ocrx_word' id='word_1_51' title='bbox 355 660 396 695; x_wconf 88' lang='lat' dir='ltr'>et</span> <span class='ocrx_word' id='word_1_52' title='bbox 425 654 739 706; x_wconf 88' lang='lat' dir='ltr'>acutissimum,</span> <span class='ocrx_word' id='word_1_53' title='bbox 771 654 835 694; x_wconf 88' lang='lat' dir='ltr'>uti</span> <span class='ocrx_word' id='word_1_54' title='bbox 866 653 910 693; x_wconf 92' lang='lat' dir='ltr'>in</span> <span class='ocrx_word' id='word_1_55' title='bbox 931 667 1090 707; x_wconf 88' lang='lat' dir='ltr'>organo</span> <span class='ocrx_word' id='word_1_56' title='bbox 1113 650 1272 692; x_wconf 87' lang='lat' dir='ltr'>chorda</span> <span class='ocrx_word' id='word_1_57' title='bbox 1302 665 1410 705; x_wconf 87' lang='lat' dir='ltr'>quae</span> <span class='ocrx_word' id='word_1_58' title='bbox 1432 657 1496 692; x_wconf 88' lang='lat' dir='ltr'>est</span> <span class='ocrx_word' id='word_1_59' title='bbox 1517 652 1715 706; x_wconf 79' lang='lat' dir='ltr'>proxima</span> 
     </span>
     <span class='ocr_line' id='line_1_10' title="bbox 197 717 1715 777; baseline -0.003 -14"><span class='ocrx_word' id='word_1_60' title='bbox 197 722 368 777; x_wconf 90' lang='lat' dir='ltr'>angulo.</span> <span class='ocrx_word' id='word_1_61' title='bbox 419 721 654 763; x_wconf 88' lang='lat' dir='ltr'>secundum</span> <span class='ocrx_word' id='word_1_62' title='bbox 686 735 778 761; x_wconf 90' lang='lat' dir='ltr'>eam</span> <span class='ocrx_word' id='word_1_63' title='bbox 808 726 950 761; x_wconf 91' lang='lat' dir='ltr'>autem</span> <span class='ocrx_word' id='word_1_64' title='bbox 982 718 1172 774; x_wconf 89' lang='lat' dir='ltr'>reliquae</span> <span class='ocrx_word' id='word_1_65' title='bbox 1202 717 1258 758; x_wconf 90' lang='lat' dir='ltr'>ad</span> <span class='ocrx_word' id='word_1_66' title='bbox 1278 717 1463 758; x_wconf 88' lang='lat' dir='ltr'>mediam</span> <span class='ocrx_word' id='word_1_67' title='bbox 1485 717 1715 759; x_wconf 82' lang='lat' dir='ltr'>Graeciam</span> 
     </span>
     <span class='ocr_line' id='line_1_11' title="bbox 196 786 1715 838; baseline -0.003 -8"><span class='ocrx_word' id='word_1_68' title='bbox 196 789 462 831; x_wconf 78' lang='lat' dir='ltr'>remissiores</span> <span class='ocrx_word' id='word_1_69' title='bbox 494 788 687 829; x_wconf 87' lang='lat' dir='ltr'>efficiunt</span> <span class='ocrx_word' id='word_1_70' title='bbox 717 789 762 828; x_wconf 89' lang='lat' dir='ltr'>in</span> <span class='ocrx_word' id='word_1_71' title='bbox 791 786 1039 828; x_wconf 88' lang='lat' dir='ltr'>nationibus</span> <span class='ocrx_word' id='word_1_72' title='bbox 1071 789 1271 826; x_wconf 82' lang='lat' dir='ltr'>sonorum</span> <span class='ocrx_word' id='word_1_73' title='bbox 1309 786 1575 838; x_wconf 89' lang='lat' dir='ltr'>scansiones,</span> <span class='ocrx_word' id='word_1_74' title='bbox 1612 786 1715 826; x_wconf 90' lang='lat' dir='ltr'>item</span> 
     </span>
     <span class='ocr_line' id='line_1_12' title="bbox 198 852 1715 907; baseline -0.002 -10"><span class='ocrx_word' id='word_1_75' title='bbox 198 872 222 897; x_wconf 83' lang='lat' dir='ltr'>a</span> <span class='ocrx_word' id='word_1_76' title='bbox 253 855 394 898; x_wconf 88' lang='lat' dir='ltr'>medio</span> <span class='ocrx_word' id='word_1_77' title='bbox 425 856 469 896; x_wconf 93' lang='lat' dir='ltr'>in</span> <span class='ocrx_word' id='word_1_78' title='bbox 499 855 693 896; x_wconf 87' lang='lat' dir='ltr'>ordinem</span> <span class='ocrx_word' id='word_1_79' title='bbox 725 854 954 895; x_wconf 85' lang='lat' dir='ltr'>crescendo</span> <span class='ocrx_word' id='word_1_80' title='bbox 985 852 1040 893; x_wconf 89' lang='lat' dir='ltr'>ad</span> <span class='ocrx_word' id='word_1_81' title='bbox 1062 858 1277 893; x_wconf 80' lang='lat' dir='ltr'>extremos</span> <span class='ocrx_word' id='word_1_82' title='bbox 1301 853 1612 907; x_wconf 89' lang='lat' dir='ltr'>septentriones</span> <span class='ocrx_word' id='word_1_83' title='bbox 1636 853 1715 894; x_wconf 89' lang='lat' dir='ltr'>sub</span> 
     </span>
     <span class='ocr_line' id='line_1_13' title="bbox 198 919 1717 976; baseline -0.003 -11"><span class='ocrx_word' id='word_1_84' title='bbox 198 923 448 965; x_wconf 79' lang='lat' dir='ltr'>altitudines</span> <span class='ocrx_word' id='word_1_85' title='bbox 489 922 595 963; x_wconf 84' lang='lat' dir='ltr'>caeli</span> <span class='ocrx_word' id='word_1_86' title='bbox 635 923 857 963; x_wconf 82' lang='lat' dir='ltr'>nationum</span> <span class='ocrx_word' id='word_1_87' title='bbox 896 920 1073 976; x_wconf 85' lang='lat' dir='ltr'>spiritus</span> <span class='ocrx_word' id='word_1_88' title='bbox 1121 919 1333 960; x_wconf 82' lang='lat' dir='ltr'>sonitibus</span> <span class='ocrx_word' id='word_1_89' title='bbox 1379 919 1651 974; x_wconf 86' lang='lat' dir='ltr'>gravioribus</span> <span class='ocrx_word' id='word_1_90' title='bbox 1692 935 1717 960; x_wconf 90' lang='lat' dir='ltr'>a</span> 
     </span>
     <span class='ocr_line' id='line_1_14' title="bbox 199 986 1718 1045; baseline -0.003 -14"><span class='ocrx_word' id='word_1_91' title='bbox 199 998 352 1031; x_wconf 86' lang='lat' dir='ltr'>natura</span> <span class='ocrx_word' id='word_1_92' title='bbox 373 1005 515 1030; x_wconf 87' lang='lat' dir='ltr'>rerum</span> <span class='ocrx_word' id='word_1_93' title='bbox 538 990 850 1045; x_wconf 72' lang='lat' dir='ltr'>exprimuntur.</span> <span class='ocrx_word' id='word_1_94' title='bbox 901 989 961 1029; x_wconf 88' lang='lat' dir='ltr'>ita</span> <span class='ocrx_word' id='word_1_95' title='bbox 991 986 1165 1028; x_wconf 79' lang='lat' dir='ltr'>videtur</span> <span class='ocrx_word' id='word_1_96' title='bbox 1195 986 1345 1027; x_wconf 88' lang='lat' dir='ltr'>mundi</span> <span class='ocrx_word' id='word_1_97' title='bbox 1375 988 1598 1043; x_wconf 84' lang='lat' dir='ltr'>conceptio</span> <span class='ocrx_word' id='word_1_98' title='bbox 1628 994 1718 1029; x_wconf 88' lang='lat' dir='ltr'>tota</span> 
     </span>
     <span class='ocr_line' id='line_1_15' title="bbox 199 1053 1716 1114; baseline -0.002 -16"><span class='ocrx_word' id='word_1_99' title='bbox 199 1064 375 1114; x_wconf 85' lang='lat' dir='ltr'>propter</span> <span class='ocrx_word' id='word_1_100' title='bbox 406 1057 728 1097; x_wconf 85' lang='lat' dir='ltr'>inclinationem</span> <span class='ocrx_word' id='word_1_101' title='bbox 759 1055 1144 1097; x_wconf 86' lang='lat' dir='ltr'>consonantissime</span> <span class='ocrx_word' id='word_1_102' title='bbox 1164 1068 1240 1109; x_wconf 87' lang='lat' dir='ltr'>per</span> <span class='ocrx_word' id='word_1_103' title='bbox 1261 1053 1362 1094; x_wconf 89' lang='lat' dir='ltr'>solis</span> <span class='ocrx_word' id='word_1_104' title='bbox 1384 1060 1716 1109; x_wconf 85' lang='lat' dir='ltr'>temperaturam</span> 
     </span>
     <span class='ocr_line' id='line_1_16' title="bbox 199 1122 1719 1179; baseline -0.003 -14"><span class='ocrx_word' id='word_1_105' title='bbox 199 1125 255 1165; x_wconf 86' lang='lat' dir='ltr'>ad</span> <span class='ocrx_word' id='word_1_106' title='bbox 277 1125 543 1165; x_wconf 83' lang='lat' dir='ltr'>harmoniam</span> <span class='ocrx_word' id='word_1_107' title='bbox 566 1138 658 1164; x_wconf 88' lang='lat' dir='ltr'>esse</span> <span class='ocrx_word' id='word_1_108' title='bbox 681 1123 929 1179; x_wconf 83' lang='lat' dir='ltr'>composita.</span> <span class='ocrx_word' id='word_1_109' title='bbox 980 1122 1112 1176; x_wconf 88' lang='lat' dir='ltr'>igitur</span> <span class='ocrx_word' id='word_1_110' title='bbox 1135 1136 1243 1177; x_wconf 88' lang='lat' dir='ltr'>quae</span> <span class='ocrx_word' id='word_1_111' title='bbox 1263 1122 1459 1162; x_wconf 88' lang='lat' dir='ltr'>nationes</span> <span class='ocrx_word' id='word_1_112' title='bbox 1485 1128 1584 1163; x_wconf 90' lang='lat' dir='ltr'>sunt</span> <span class='ocrx_word' id='word_1_113' title='bbox 1605 1122 1719 1163; x_wconf 90' lang='lat' dir='ltr'>inter</span> 
     </span>
     <span class='ocr_line' id='line_1_17' title="bbox 200 1188 1719 1245; baseline -0.002 -13"><span class='ocrx_word' id='word_1_114' title='bbox 200 1192 295 1232; x_wconf 79' lang='lat' dir='ltr'>axis</span> <span class='ocrx_word' id='word_1_115' title='bbox 326 1191 553 1231; x_wconf 88' lang='lat' dir='ltr'>meridiani</span> <span class='ocrx_word' id='word_1_116' title='bbox 585 1190 805 1231; x_wconf 85' lang='lat' dir='ltr'>cardinem</span> <span class='ocrx_word' id='word_1_117' title='bbox 835 1204 883 1230; x_wconf 87' lang='lat' dir='ltr'>ac</span> <span class='ocrx_word' id='word_1_118' title='bbox 912 1188 1261 1245; x_wconf 87' lang='lat' dir='ltr'>septentrionalis</span> <span class='ocrx_word' id='word_1_119' title='bbox 1281 1188 1423 1229; x_wconf 87' lang='lat' dir='ltr'>medio</span> <span class='ocrx_word' id='word_1_120' title='bbox 1444 1189 1623 1245; x_wconf 78' lang='lat' dir='ltr'>positae,</span> <span class='ocrx_word' id='word_1_121' title='bbox 1654 1190 1719 1230; x_wconf 90' lang='lat' dir='ltr'>uti</span> 
     </span>
     <span class='ocr_line' id='line_1_18' title="bbox 201 1255 1719 1314; baseline -0.002 -15"><span class='ocrx_word' id='word_1_122' title='bbox 201 1260 245 1299; x_wconf 94' lang='lat' dir='ltr'>in</span> <span class='ocrx_word' id='word_1_123' title='bbox 284 1259 594 1314; x_wconf 81' lang='lat' dir='ltr'>diagrammate</span> <span class='ocrx_word' id='word_1_124' title='bbox 638 1259 801 1299; x_wconf 89' lang='lat' dir='ltr'>musico</span> <span class='ocrx_word' id='word_1_125' title='bbox 847 1257 1072 1297; x_wconf 87' lang='lat' dir='ltr'>medianae</span> <span class='ocrx_word' id='word_1_126' title='bbox 1108 1256 1226 1297; x_wconf 82' lang='lat' dir='ltr'>vocis</span> <span class='ocrx_word' id='word_1_127' title='bbox 1267 1255 1427 1296; x_wconf 86' lang='lat' dir='ltr'>habent</span> <span class='ocrx_word' id='word_1_128' title='bbox 1457 1257 1644 1297; x_wconf 88' lang='lat' dir='ltr'>sonitum</span> <span class='ocrx_word' id='word_1_129' title='bbox 1674 1258 1719 1297; x_wconf 91' lang='lat' dir='ltr'>in</span> 
     </span>
     <span class='ocr_line' id='line_1_19' title="bbox 201 1323 1718 1381; baseline -0.002 -15"><span class='ocrx_word' id='word_1_130' title='bbox 201 1340 410 1378; x_wconf 77' lang='lat' dir='ltr'>sermone,</span> <span class='ocrx_word' id='word_1_131' title='bbox 441 1339 634 1381; x_wconf 85' lang='lat' dir='ltr'>quaeque</span> <span class='ocrx_word' id='word_1_132' title='bbox 665 1324 1044 1381; x_wconf 82' lang='lat' dir='ltr'>progredientibus</span> <span class='ocrx_word' id='word_1_133' title='bbox 1076 1323 1132 1363; x_wconf 87' lang='lat' dir='ltr'>ad</span> <span class='ocrx_word' id='word_1_134' title='bbox 1163 1324 1497 1378; x_wconf 88' lang='lat' dir='ltr'>septentrionem</span> <span class='ocrx_word' id='word_1_135' title='bbox 1527 1329 1625 1364; x_wconf 89' lang='lat' dir='ltr'>sunt</span> <span class='ocrx_word' id='word_1_136' title='bbox 1648 1338 1718 1363; x_wconf 89' lang='lat' dir='ltr'>na-</span> 
     </span>
     <span class='ocr_line' id='line_1_20' title="bbox 201 1390 1718 1448; baseline -0.002 -15"><span class='ocrx_word' id='word_1_137' title='bbox 201 1394 362 1444; x_wconf 79' lang='lat' dir='ltr'>tiones,</span> <span class='ocrx_word' id='word_1_138' title='bbox 397 1393 512 1448; x_wconf 83' lang='lat' dir='ltr'>quod</span> <span class='ocrx_word' id='word_1_139' title='bbox 542 1391 713 1433; x_wconf 83' lang='lat' dir='ltr'>altiores</span> <span class='ocrx_word' id='word_1_140' title='bbox 746 1391 905 1433; x_wconf 85' lang='lat' dir='ltr'>habent</span> <span class='ocrx_word' id='word_1_141' title='bbox 937 1391 1163 1432; x_wconf 86' lang='lat' dir='ltr'>distantias</span> <span class='ocrx_word' id='word_1_142' title='bbox 1194 1390 1249 1430; x_wconf 88' lang='lat' dir='ltr'>ad</span> <span class='ocrx_word' id='word_1_143' title='bbox 1280 1390 1508 1444; x_wconf 87' lang='lat' dir='ltr'>mundum,</span> <span class='ocrx_word' id='word_1_144' title='bbox 1541 1390 1718 1446; x_wconf 89' lang='lat' dir='ltr'>spiritus</span> 
     </span>
     <span class='ocr_line' id='line_1_21' title="bbox 202 1457 1719 1515; baseline 0 -16"><span class='ocrx_word' id='word_1_145' title='bbox 202 1461 320 1500; x_wconf 76' lang='lat' dir='ltr'>vocis</span> <span class='ocrx_word' id='word_1_146' title='bbox 361 1459 569 1500; x_wconf 82' lang='lat' dir='ltr'>habentes</span> <span class='ocrx_word' id='word_1_147' title='bbox 607 1474 752 1501; x_wconf 89' lang='lat' dir='ltr'>umore</span> <span class='ocrx_word' id='word_1_148' title='bbox 789 1458 983 1515; x_wconf 87' lang='lat' dir='ltr'>repulsos</span> <span class='ocrx_word' id='word_1_149' title='bbox 1021 1457 1077 1498; x_wconf 89' lang='lat' dir='ltr'>ad</span> <span class='ocrx_word' id='word_1_150' title='bbox 1113 1457 1296 1513; x_wconf 81' lang='lat' dir='ltr'>hypatas</span> <span class='ocrx_word' id='word_1_151' title='bbox 1329 1464 1370 1498; x_wconf 88' lang='lat' dir='ltr'>et</span> <span class='ocrx_word' id='word_1_152' title='bbox 1399 1457 1719 1513; x_wconf 85' lang='lat' dir='ltr'>proslambano-</span> 
     </span>
     <span class='ocr_line' id='line_1_22' title="bbox 202 1524 1719 1579; baseline -0.001 -13"><span class='ocrx_word' id='word_1_153' title='bbox 202 1542 370 1579; x_wconf 84' lang='lat' dir='ltr'>menon,</span> <span class='ocrx_word' id='word_1_154' title='bbox 403 1541 427 1566; x_wconf 88' lang='lat' dir='ltr'>a</span> <span class='ocrx_word' id='word_1_155' title='bbox 457 1533 610 1567; x_wconf 85' lang='lat' dir='ltr'>natura</span> <span class='ocrx_word' id='word_1_156' title='bbox 640 1542 782 1568; x_wconf 89' lang='lat' dir='ltr'>rerum</span> <span class='ocrx_word' id='word_1_157' title='bbox 813 1527 956 1567; x_wconf 88' lang='lat' dir='ltr'>sonitu</span> <span class='ocrx_word' id='word_1_158' title='bbox 986 1526 1184 1579; x_wconf 81' lang='lat' dir='ltr'>graviore</span> <span class='ocrx_word' id='word_1_159' title='bbox 1216 1531 1427 1579; x_wconf 86' lang='lat' dir='ltr'>coguntur</span> <span class='ocrx_word' id='word_1_160' title='bbox 1447 1526 1524 1565; x_wconf 90' lang='lat' dir='ltr'>uti.</span> <span class='ocrx_word' id='word_1_161' title='bbox 1570 1524 1719 1565; x_wconf 87' lang='lat' dir='ltr'>eadem</span> 
     </span>
     <span class='ocr_line' id='line_1_23' title="bbox 204 1591 1717 1650; baseline -0.001 -16"><span class='ocrx_word' id='word_1_162' title='bbox 204 1594 368 1634; x_wconf 87' lang='lat' dir='ltr'>ratione</span> <span class='ocrx_word' id='word_1_163' title='bbox 400 1608 421 1633; x_wconf 94' lang='lat' dir='ltr'>e</span> <span class='ocrx_word' id='word_1_164' title='bbox 452 1593 593 1635; x_wconf 87' lang='lat' dir='ltr'>medio</span> <span class='ocrx_word' id='word_1_165' title='bbox 634 1593 1014 1650; x_wconf 81' lang='lat' dir='ltr'>progredientibus</span> <span class='ocrx_word' id='word_1_166' title='bbox 1052 1591 1108 1632; x_wconf 87' lang='lat' dir='ltr'>ad</span> <span class='ocrx_word' id='word_1_167' title='bbox 1145 1591 1371 1632; x_wconf 89' lang='lat' dir='ltr'>meridiem</span> <span class='ocrx_word' id='word_1_168' title='bbox 1409 1598 1557 1646; x_wconf 82' lang='lat' dir='ltr'>gentes</span> <span class='ocrx_word' id='word_1_169' title='bbox 1597 1607 1717 1647; x_wconf 83' lang='lat' dir='ltr'>para-</span> 
     </span>
    </p>
   </div>
   <div class='ocr_carea' id='block_1_5' title="bbox 170 1659 1718 1721">
    <p class='ocr_par' dir='ltr' id='par_1_5' title="bbox 170 1659 1718 1721">
     <span class='ocr_line' id='line_1_24' title="bbox 170 1659 1718 1721; baseline 0 -21"><span class='ocrx_word' id='word_1_170' title='bbox 170 1710 182 1721; x_wconf 46' lang='lat'><strong>·</strong></span> <span class='ocrx_word' id='word_1_171' title='bbox 204 1667 399 1701; x_wconf 84' lang='lat' dir='ltr'>netarum</span> <span class='ocrx_word' id='word_1_172' title='bbox 430 1667 710 1717; x_wconf 88' lang='lat' dir='ltr'>netarumque</span> <span class='ocrx_word' id='word_1_173' title='bbox 741 1661 1033 1702; x_wconf 85' lang='lat' dir='ltr'>acutissimam</span> <span class='ocrx_word' id='word_1_174' title='bbox 1065 1659 1228 1700; x_wconf 87' lang='lat' dir='ltr'>sonitus</span> <span class='ocrx_word' id='word_1_175' title='bbox 1251 1660 1370 1701; x_wconf 86' lang='lat' dir='ltr'>vocis</span> <span class='ocrx_word' id='word_1_176' title='bbox 1402 1659 1629 1715; x_wconf 84' lang='lat' dir='ltr'>perficiunt</span> <span class='ocrx_word' id='word_1_177' title='bbox 1659 1666 1718 1700; x_wconf 91' lang='lat' dir='ltr'>te-</span> 
     </span>
    </p>
   </div>
   <div class='ocr_carea' id='block_1_6' title="bbox 203 1725 1720 1849">
    <p class='ocr_par' dir='ltr' id='par_1_6' title="bbox 203 1725 1720 1849">
     <span class='ocr_line' id='line_1_25' title="bbox 203 1725 1719 1780; baseline -0.001 -12"><span class='ocrx_word' id='word_1_178' title='bbox 203 1729 426 1768; x_wconf 86' lang='lat' dir='ltr'>nuitatem.</span> <span class='ocrx_word' id='word_1_179' title='bbox 486 1729 567 1770; x_wconf 88' lang='lat' dir='ltr'>hoc</span> <span class='ocrx_word' id='word_1_180' title='bbox 596 1735 741 1770; x_wconf 89' lang='lat' dir='ltr'>autem</span> <span class='ocrx_word' id='word_1_181' title='bbox 772 1743 923 1768; x_wconf 87' lang='lat' dir='ltr'>verum</span> <span class='ocrx_word' id='word_1_182' title='bbox 955 1742 1068 1780; x_wconf 89' lang='lat' dir='ltr'>esse,</span> <span class='ocrx_word' id='word_1_183' title='bbox 1110 1741 1165 1767; x_wconf 81' lang='lat' dir='ltr'>ex</span> <span class='ocrx_word' id='word_1_184' title='bbox 1202 1726 1361 1767; x_wconf 88' lang='lat' dir='ltr'>umidis</span> <span class='ocrx_word' id='word_1_185' title='bbox 1400 1732 1578 1767; x_wconf 87' lang='lat' dir='ltr'>naturae</span> <span class='ocrx_word' id='word_1_186' title='bbox 1613 1725 1719 1767; x_wconf 89' lang='lat' dir='ltr'>locis</span> 
     </span>
     <span class='ocr_line' id='line_1_26' title="bbox 204 1792 1720 1849; baseline 0 -14"><span class='ocrx_word' id='word_1_187' title='bbox 204 1796 403 1849; x_wconf 84' lang='lat' dir='ltr'>graviora</span> <span class='ocrx_word' id='word_1_188' title='bbox 442 1796 535 1836; x_wconf 91' lang='lat' dir='ltr'>fieri</span> <span class='ocrx_word' id='word_1_189' title='bbox 574 1802 613 1836; x_wconf 87' lang='lat' dir='ltr'>et</span> <span class='ocrx_word' id='word_1_190' title='bbox 653 1810 707 1836; x_wconf 77' lang='lat' dir='ltr'>ex</span> <span class='ocrx_word' id='word_1_191' title='bbox 743 1795 926 1836; x_wconf 78' lang='lat' dir='ltr'>fervidis</span> <span class='ocrx_word' id='word_1_192' title='bbox 964 1795 1174 1846; x_wconf 82' lang='lat' dir='ltr'>acutiora,</span> <span class='ocrx_word' id='word_1_193' title='bbox 1221 1793 1321 1834; x_wconf 88' lang='lat' dir='ltr'>licet</span> <span class='ocrx_word' id='word_1_194' title='bbox 1358 1794 1419 1834; x_wconf 87' lang='lat' dir='ltr'>ita</span> <span class='ocrx_word' id='word_1_195' title='bbox 1457 1792 1720 1848; x_wconf 84' lang='lat' dir='ltr'>experiendo</span> 
     </span>
    </p>
   </div>
   <div class='ocr_carea' id='block_1_7' title="bbox 325 1889 507 1892">
    <p class='ocr_par' dir='ltr' id='par_1_7' title="bbox 325 1889 507 1892">
     <span class='ocr_line' id='line_1_27' title="bbox 325 1889 507 1892; baseline 0 0"><span class='ocrx_word' id='word_1_196' title='bbox 325 1889 507 1892; x_wconf 95' lang='lat' dir='ltr'> </span> 
     </span>
    </p>
   </div>
   <div class='ocr_carea' id='block_1_8' title="bbox 204 1927 1722 2473">
    <p class='ocr_par' dir='ltr' id='par_1_8' title="bbox 204 1927 1722 2473">
     <span class='ocr_line' id='line_1_28' title="bbox 297 1927 1720 1973; baseline 0 -11"><span class='ocrx_word' id='word_1_197' title='bbox 297 1934 313 1962; x_wconf 88' lang='lat'>1</span> <span class='ocrx_word' id='word_1_198' title='bbox 340 1942 462 1963; x_wconf 88' lang='lat' dir='ltr'>scema</span> <span class='ocrx_word' id='word_1_199' title='bbox 487 1932 550 1964; x_wconf 90' lang='lat' dir='ltr'>EG</span> <span class='ocrx_word' id='word_1_200' title='bbox 576 1931 626 1972; x_wconf 82' lang='lat' dir='ltr'>(l),</span> <span class='ocrx_word' id='word_1_201' title='bbox 655 1942 802 1964; x_wconf 85' lang='lat' dir='ltr'>scaema</span> <span class='ocrx_word' id='word_1_202' title='bbox 827 1932 880 1962; x_wconf 74' lang='lat' dir='ltr'>Hc</span> <span class='ocrx_word' id='word_1_203' title='bbox 906 1930 986 1973; x_wconf 83' lang='lat' dir='ltr'><em>(L):</em></span> <span class='ocrx_word' id='word_1_204' title='bbox 1020 1940 1157 1962; x_wconf 84' lang='lat' dir='ltr'>scaena</span> <span class='ocrx_word' id='word_1_205' title='bbox 1188 1933 1265 1961; x_wconf 77' lang='lat' dir='ltr'>ante</span> <span class='ocrx_word' id='word_1_206' title='bbox 1294 1940 1383 1961; x_wconf 81' lang='lat' dir='ltr'>corr.</span> <span class='ocrx_word' id='word_1_207' title='bbox 1413 1930 1449 1960; x_wconf 91' lang='lat' dir='ltr'><em>H</em></span> <span class='ocrx_word' id='word_1_208' title='bbox 1481 1927 1587 1970; x_wconf 80' lang='lat' dir='ltr'>(item,</span> <span class='ocrx_word' id='word_1_209' title='bbox 1618 1941 1720 1972; x_wconf 82' lang='lat' dir='ltr'>prae-</span> 
     </span>
     <span class='ocr_line' id='line_1_29' title="bbox 204 1983 1720 2030; baseline 0 -13"><span class='ocrx_word' id='word_1_210' title='bbox 204 1988 301 2018; x_wconf 66' lang='lat' dir='ltr'>mis-so</span> <span class='ocrx_word' id='word_1_211' title='bbox 333 1990 388 2018; x_wconf 86' lang='lat' dir='ltr'>est</span> <span class='ocrx_word' id='word_1_212' title='bbox 416 1998 480 2028; x_wconf 74' lang='lat' dir='ltr'>pro</span> <span class='ocrx_word' id='word_1_213' title='bbox 511 1998 608 2027; x_wconf 87' lang='lat' dir='ltr'>esse,</span> <span class='ocrx_word' id='word_1_214' title='bbox 635 1998 746 2019; x_wconf 85' lang='lat' dir='ltr'>scena</span> <span class='ocrx_word' id='word_1_215' title='bbox 776 1998 810 2024; x_wconf 83' lang='lat' dir='ltr'>c,</span> <span class='ocrx_word' id='word_1_216' title='bbox 848 1997 958 2030; x_wconf 67' lang='lat' dir='ltr'>scena</span> <span class='ocrx_word' id='word_1_217' title='bbox 986 1985 1033 2027; x_wconf 77' lang='lat'>71).</span> <span class='ocrx_word' id='word_1_218' title='bbox 1066 1983 1081 2027; x_wconf 95' lang='grc' dir='ltr'>Η</span> <span class='ocrx_word' id='word_1_219' title='bbox 1111 1987 1130 2017; x_wconf 76' lang='lat'>2</span> <span class='ocrx_word' id='word_1_220' title='bbox 1157 1985 1326 2027; x_wconf 85' lang='lat' dir='ltr'>trigonii:</span> <span class='ocrx_word' id='word_1_221' title='bbox 1357 1987 1407 2018; x_wconf 78' lang='lat' dir='ltr'>sic</span> <span class='ocrx_word' id='word_1_222' title='bbox 1436 1986 1547 2019; x_wconf 89' lang='lat' dir='ltr'>EGH.</span> <span class='ocrx_word' id='word_1_223' title='bbox 1581 1983 1598 2028; x_wconf 94' lang='grc' dir='ltr'>Η</span> <span class='ocrx_word' id='word_1_224' title='bbox 1627 1996 1720 2017; x_wconf 85' lang='lat' dir='ltr'>sam-</span> 
     </span>
     <span class='ocr_line' id='line_1_30' title="bbox 206 2039 1719 2083; baseline 0 -10"><span class='ocrx_word' id='word_1_225' title='bbox 206 2044 322 2074; x_wconf 89' lang='lat' dir='ltr'>bucen</span> <span class='ocrx_word' id='word_1_226' title='bbox 361 2042 427 2074; x_wconf 86' lang='lat' dir='ltr'>GH</span> <span class='ocrx_word' id='word_1_227' title='bbox 469 2044 543 2081; x_wconf 77' lang='lat' dir='ltr'>(LI,</span> <span class='ocrx_word' id='word_1_228' title='bbox 588 2044 759 2074; x_wconf 85' lang='lat' dir='ltr'>sambuce</span> <span class='ocrx_word' id='word_1_229' title='bbox 797 2043 868 2082; x_wconf 77' lang='lat' dir='ltr'>elz),</span> <span class='ocrx_word' id='word_1_230' title='bbox 912 2041 1074 2073; x_wconf 65' lang='lat' dir='ltr'>sambule</span> <span class='ocrx_word' id='word_1_231' title='bbox 1115 2042 1154 2075; x_wconf 85' lang='lat' dir='ltr'>E.</span> <span class='ocrx_word' id='word_1_232' title='bbox 1195 2039 1209 2083; x_wconf 98' lang='grc' dir='ltr'>Η</span> <span class='ocrx_word' id='word_1_233' title='bbox 1245 2044 1264 2072; x_wconf 86' lang='grc'><strong>3</strong></span> <span class='ocrx_word' id='word_1_234' title='bbox 1310 2041 1451 2072; x_wconf 85' lang='lat' dir='ltr'>cardini</span> <span class='ocrx_word' id='word_1_235' title='bbox 1488 2042 1535 2072; x_wconf 89' lang='lat' dir='ltr'>L:</span> <span class='ocrx_word' id='word_1_236' title='bbox 1573 2042 1719 2073; x_wconf 85' lang='lat' dir='ltr'>cardine</span> 
     </span>
     <span class='ocr_line' id='line_1_31' title="bbox 208 2094 1720 2139; baseline 0 -11"><span class='ocrx_word' id='word_1_237' title='bbox 208 2098 310 2129; x_wconf 85' lang='grc' dir='ltr'>ΕΘΗ</span> <span class='ocrx_word' id='word_1_238' title='bbox 337 2097 387 2138; x_wconf 57' lang='lat' dir='ltr'>(Iff,</span> <span class='ocrx_word' id='word_1_239' title='bbox 415 2099 583 2130; x_wconf 84' lang='lat' dir='ltr'>cardines</span> <span class='ocrx_word' id='word_1_240' title='bbox 608 2100 647 2130; x_wconf 75' lang='lat' dir='ltr'>elz</span> <span class='ocrx_word' id='word_1_241' title='bbox 673 2104 704 2130; x_wconf 82' lang='lat' dir='ltr'>et</span> <span class='ocrx_word' id='word_1_242' title='bbox 729 2103 806 2129; x_wconf 82' lang='lat' dir='ltr'>ante</span> <span class='ocrx_word' id='word_1_243' title='bbox 831 2108 920 2129; x_wconf 83' lang='lat' dir='ltr'>corr.</span> <span class='ocrx_word' id='word_1_244' title='bbox 945 2098 980 2136; x_wconf 74' lang='lat' dir='ltr'>l).</span> <span class='ocrx_word' id='word_1_245' title='bbox 1012 2096 1026 2139; x_wconf 92' lang='grc' dir='ltr'>Η</span> <span class='ocrx_word' id='word_1_246' title='bbox 1058 2099 1075 2128; x_wconf 87' lang='grc'>7</span> <span class='ocrx_word' id='word_1_247' title='bbox 1109 2100 1243 2128; x_wconf 85' lang='lat' dir='ltr'>autem:</span> <span class='ocrx_word' id='word_1_248' title='bbox 1277 2107 1379 2128; x_wconf 76' lang='lat' dir='ltr'>axem</span> <span class='ocrx_word' id='word_1_249' title='bbox 1407 2097 1437 2127; x_wconf 87' lang='lat' dir='ltr'><em>E</em></span> <span class='ocrx_word' id='word_1_250' title='bbox 1463 2097 1541 2136; x_wconf 84' lang='lat' dir='ltr'>(non</span> <span class='ocrx_word' id='word_1_251' title='bbox 1568 2096 1623 2137; x_wconf 86' lang='lat' dir='ltr'>G).</span> <span class='ocrx_word' id='word_1_252' title='bbox 1654 2094 1670 2139; x_wconf 94' lang='grc' dir='ltr'>Η</span> <span class='ocrx_word' id='word_1_253' title='bbox 1699 2099 1720 2128; x_wconf 87' lang='grc'>8</span> 
     </span>
     <span class='ocr_line' id='line_1_32' title="bbox 208 2152 1722 2193; baseline 0.001 -9"><span class='ocrx_word' id='word_1_254' title='bbox 208 2154 421 2186; x_wconf 83' lang='lat' dir='ltr'>scansiones</span> <span class='ocrx_word' id='word_1_255' title='bbox 451 2155 544 2188; x_wconf 59' lang='lat' dir='ltr'>doe:</span> <span class='ocrx_word' id='word_1_256' title='bbox 583 2155 809 2186; x_wconf 84' lang='lat' dir='ltr'>concisiones</span> <span class='ocrx_word' id='word_1_257' title='bbox 829 2154 888 2190; x_wconf 83' lang='lat' dir='ltr'>-E,</span> <span class='ocrx_word' id='word_1_258' title='bbox 922 2154 1111 2185; x_wconf 85' lang='lat' dir='ltr'>cassiones</span> <span class='ocrx_word' id='word_1_259' title='bbox 1146 2153 1188 2192; x_wconf 86' lang='lat' dir='ltr'>G,</span> <span class='ocrx_word' id='word_1_260' title='bbox 1223 2153 1416 2185; x_wconf 87' lang='lat' dir='ltr'>cansiones</span> <span class='ocrx_word' id='word_1_261' title='bbox 1448 2154 1484 2183; x_wconf 99' lang='grc' dir='ltr'><em>Η</em></span> <span class='ocrx_word' id='word_1_262' title='bbox 1515 2152 1722 2193; x_wconf 84' lang='lat' dir='ltr'>(cantiones</span> 
     </span>
     <span class='ocr_line' id='line_1_33' title="bbox 208 2200 1720 2252; baseline 0 -12"><span class='ocrx_word' id='word_1_263' title='bbox 208 2210 293 2241; x_wconf 71' lang='lat' dir='ltr'>Llelz</span> <span class='ocrx_word' id='word_1_264' title='bbox 318 2208 420 2251; x_wconf 84' lang='lat' dir='ltr'><em>[vf]).</em></span> <span class='ocrx_word' id='word_1_265' title='bbox 453 2208 468 2252; x_wconf 93' lang='grc' dir='ltr'>Η</span> <span class='ocrx_word' id='word_1_266' title='bbox 502 2213 542 2242; x_wconf 90' lang='grc'>10</span> <span class='ocrx_word' id='word_1_267' title='bbox 568 2209 801 2241; x_wconf 84' lang='lat' dir='ltr'>altitudines:</span> <span class='ocrx_word' id='word_1_268' title='bbox 838 2211 886 2240; x_wconf 84' lang='lat' dir='ltr'>sic</span> <span class='ocrx_word' id='word_1_269' title='bbox 916 2209 1029 2241; x_wconf 89' lang='grc' dir='ltr'><em>ΕΘΗ.</em></span> <span class='ocrx_word' id='word_1_270' title='bbox 1063 2206 1078 2251; x_wconf 93' lang='grc' dir='ltr'>Η</span> <span class='ocrx_word' id='word_1_271' title='bbox 1111 2209 1290 2240; x_wconf 81' lang='lat' dir='ltr'>sonitibus</span> <span class='ocrx_word' id='word_1_272' title='bbox 1320 2209 1393 2240; x_wconf 82' lang='lat' dir='ltr'>Joc.</span> <span class='ocrx_word' id='word_1_273' title='bbox 1427 2207 1544 2249; x_wconf 77' lang='lat' dir='ltr'>(rec.):</span> <span class='ocrx_word' id='word_1_274' title='bbox 1582 2200 1720 2240; x_wconf 85' lang='lat' dir='ltr'>sonitus</span> 
     </span>
     <span class='ocr_line' id='line_1_34' title="bbox 211 2262 1719 2307; baseline 0 -11"><span class='ocrx_word' id='word_1_275' title='bbox 211 2265 311 2296; x_wconf 85' lang='grc' dir='ltr'>ΕΘΗ</span> <span class='ocrx_word' id='word_1_276' title='bbox 354 2263 368 2307; x_wconf 89' lang='grc' dir='ltr'>Η</span> <span class='ocrx_word' id='word_1_277' title='bbox 401 2276 437 2296; x_wconf 87' lang='lat' dir='ltr'>a:</span> <span class='ocrx_word' id='word_1_278' title='bbox 463 2267 512 2297; x_wconf 82' lang='lat' dir='ltr'>sic</span> <span class='ocrx_word' id='word_1_279' title='bbox 536 2266 648 2298; x_wconf 86' lang='grc' dir='ltr'><em>ΕΘΗ.</em></span> <span class='ocrx_word' id='word_1_280' title='bbox 681 2263 696 2307; x_wconf 92' lang='grc' dir='ltr'>Η</span> <span class='ocrx_word' id='word_1_281' title='bbox 730 2267 770 2296; x_wconf 72' lang='lat'>14</span> <span class='ocrx_word' id='word_1_282' title='bbox 796 2264 942 2296; x_wconf 87' lang='lat' dir='ltr'>cardine</span> <span class='ocrx_word' id='word_1_283' title='bbox 972 2265 1000 2295; x_wconf 87' lang='lat' dir='ltr'><em>E</em></span> <span class='ocrx_word' id='word_1_284' title='bbox 1026 2263 1105 2304; x_wconf 81' lang='lat' dir='ltr'>(non</span> <span class='ocrx_word' id='word_1_285' title='bbox 1133 2264 1186 2304; x_wconf 88' lang='lat' dir='ltr'>G).</span> <span class='ocrx_word' id='word_1_286' title='bbox 1218 2262 1235 2307; x_wconf 92' lang='grc' dir='ltr'>Η</span> <span class='ocrx_word' id='word_1_287' title='bbox 1267 2275 1309 2296; x_wconf 86' lang='lat' dir='ltr'>ac</span> <span class='ocrx_word' id='word_1_288' title='bbox 1329 2265 1415 2296; x_wconf 82' lang='lat' dir='ltr'>Fea:</span> <span class='ocrx_word' id='word_1_289' title='bbox 1443 2265 1488 2296; x_wconf 87' lang='lat' dir='ltr'>ab</span> <span class='ocrx_word' id='word_1_290' title='bbox 1515 2264 1618 2296; x_wconf 90' lang='lat' dir='ltr'>EGH</span> <span class='ocrx_word' id='word_1_291' title='bbox 1644 2264 1719 2305; x_wconf 76' lang='lat' dir='ltr'>(Le,</span> 
     </span>
     <span class='ocr_line' id='line_1_35' title="bbox 210 2319 1720 2363; baseline 0 -12"><span class='ocrx_word' id='word_1_292' title='bbox 210 2321 316 2361; x_wconf 84' lang='lat' dir='ltr'>adl).</span> <span class='ocrx_word' id='word_1_293' title='bbox 349 2319 363 2363; x_wconf 92' lang='grc' dir='ltr'>Η</span> <span class='ocrx_word' id='word_1_294' title='bbox 396 2323 436 2353; x_wconf 83' lang='grc'>15</span> <span class='ocrx_word' id='word_1_295' title='bbox 461 2321 498 2351; x_wconf 86' lang='lat' dir='ltr'>in</span> <span class='ocrx_word' id='word_1_296' title='bbox 524 2322 787 2363; x_wconf 81' lang='lat' dir='ltr'>diagrammate</span> <span class='ocrx_word' id='word_1_297' title='bbox 820 2322 885 2352; x_wconf 73' lang='lat' dir='ltr'>LC:</span> <span class='ocrx_word' id='word_1_298' title='bbox 918 2320 1017 2351; x_wconf 86' lang='lat' dir='ltr'>india</span> <span class='ocrx_word' id='word_1_299' title='bbox 1043 2323 1244 2361; x_wconf 82' lang='lat' dir='ltr'>grammate</span> <span class='ocrx_word' id='word_1_300' title='bbox 1278 2319 1453 2362; x_wconf 67' lang='lat' dir='ltr'>(gramate</span> <span class='ocrx_word' id='word_1_301' title='bbox 1486 2320 1535 2358; x_wconf 90' lang='lat' dir='ltr'>E,</span> <span class='ocrx_word' id='word_1_302' title='bbox 1561 2322 1720 2362; x_wconf 66' lang='lat' dir='ltr'>grfimate</span> 
     </span>
     <span class='ocr_line' id='line_1_36' title="bbox 210 2374 1719 2419; baseline 0 -13"><span class='ocrx_word' id='word_1_303' title='bbox 210 2377 254 2415; x_wconf 83' lang='lat' dir='ltr'>L)</span> <span class='ocrx_word' id='word_1_304' title='bbox 277 2377 338 2408; x_wconf 84' lang='lat' dir='ltr'>EG</span> <span class='ocrx_word' id='word_1_305' title='bbox 357 2376 427 2417; x_wconf 76' lang='lat' dir='ltr'>(L),</span> <span class='ocrx_word' id='word_1_306' title='bbox 454 2377 555 2408; x_wconf 87' lang='lat' dir='ltr'>india</span> <span class='ocrx_word' id='word_1_307' title='bbox 582 2380 784 2419; x_wconf 79' lang='lat' dir='ltr'>grammata</span> <span class='ocrx_word' id='word_1_308' title='bbox 811 2375 1013 2417; x_wconf 53' lang='lat' dir='ltr'>(grffmata</span> <span class='ocrx_word' id='word_1_309' title='bbox 1040 2376 1094 2415; x_wconf 90' lang='lat' dir='ltr'>H)</span> <span class='ocrx_word' id='word_1_310' title='bbox 1122 2377 1158 2406; x_wconf 79' lang='lat' dir='ltr'><em>H</em></span> <span class='ocrx_word' id='word_1_311' title='bbox 1185 2375 1254 2416; x_wconf 81' lang='lat' dir='ltr'>(le).</span> <span class='ocrx_word' id='word_1_312' title='bbox 1279 2374 1294 2418; x_wconf 91' lang='grc' dir='ltr'>Η</span> <span class='ocrx_word' id='word_1_313' title='bbox 1325 2377 1364 2406; x_wconf 87' lang='grc'>16</span> <span class='ocrx_word' id='word_1_314' title='bbox 1384 2376 1719 2417; x_wconf 86' lang='lat' dir='ltr'>progredientibus:</span> 
     </span>
     <span class='ocr_line' id='line_1_37' title="bbox 209 2429 1722 2473; baseline 0.001 -12"><span class='ocrx_word' id='word_1_315' title='bbox 209 2434 257 2463; x_wconf 73' lang='lat' dir='ltr'>sic</span> <span class='ocrx_word' id='word_1_316' title='bbox 295 2432 396 2464; x_wconf 86' lang='grc' dir='ltr'>ΕΘΗ</span> <span class='ocrx_word' id='word_1_317' title='bbox 428 2432 517 2471; x_wconf 80' lang='lat' dir='ltr'>(item</span> <span class='ocrx_word' id='word_1_318' title='bbox 547 2444 577 2464; x_wconf 89' lang='grc' dir='ltr'>υ.</span> <span class='ocrx_word' id='word_1_319' title='bbox 610 2432 679 2472; x_wconf 83' lang='lat'>20).</span> <span class='ocrx_word' id='word_1_320' title='bbox 720 2430 733 2473; x_wconf 94' lang='grc' dir='ltr'>Η</span> <span class='ocrx_word' id='word_1_321' title='bbox 774 2434 811 2463; x_wconf 84' lang='grc'>17</span> <span class='ocrx_word' id='word_1_322' title='bbox 840 2432 932 2472; x_wconf 84' lang='lat' dir='ltr'>quod</span> <span class='ocrx_word' id='word_1_323' title='bbox 967 2432 1047 2463; x_wconf 84' lang='lat' dir='ltr'>GH:</span> <span class='ocrx_word' id='word_1_324' title='bbox 1088 2441 1181 2472; x_wconf 87' lang='lat' dir='ltr'>quae</span> <span class='ocrx_word' id='word_1_325' title='bbox 1214 2431 1256 2463; x_wconf 90' lang='lat' dir='ltr'>E.</span> <span class='ocrx_word' id='word_1_326' title='bbox 1294 2429 1308 2472; x_wconf 94' lang='grc' dir='ltr'>Η</span> <span class='ocrx_word' id='word_1_327' title='bbox 1347 2431 1392 2462; x_wconf 83' lang='lat' dir='ltr'>ad</span> <span class='ocrx_word' id='word_1_328' title='bbox 1424 2431 1556 2463; x_wconf 74' lang='lat' dir='ltr'>mundfi</span> <span class='ocrx_word' id='word_1_329' title='bbox 1588 2432 1636 2462; x_wconf 87' lang='lat' dir='ltr'>L:</span> <span class='ocrx_word' id='word_1_330' title='bbox 1676 2431 1722 2462; x_wconf 86' lang='lat' dir='ltr'>ad</span> 
     </span>
    </p>
   </div>
   <div class='ocr_carea' id='block_1_9' title="bbox 211 2485 1721 2640">
    <p class='ocr_par' dir='ltr' id='par_1_9' title="bbox 211 2485 1721 2640">
     <span class='ocr_line' id='line_1_38' title="bbox 211 2485 1721 2529; baseline 0 -11"><span class='ocrx_word' id='word_1_331' title='bbox 211 2488 333 2518; x_wconf 83' lang='lat' dir='ltr'>mundi</span> <span class='ocrx_word' id='word_1_332' title='bbox 364 2488 466 2518; x_wconf 86' lang='lat' dir='ltr'>EGH</span> <span class='ocrx_word' id='word_1_333' title='bbox 491 2487 561 2528; x_wconf 78' lang='lat' dir='ltr'>(le).</span> <span class='ocrx_word' id='word_1_334' title='bbox 596 2485 611 2529; x_wconf 91' lang='grc' dir='ltr'>Η</span> <span class='ocrx_word' id='word_1_335' title='bbox 651 2489 691 2519; x_wconf 80' lang='lat'>18</span> <span class='ocrx_word' id='word_1_336' title='bbox 722 2488 878 2519; x_wconf 67' lang='lat' dir='ltr'>habente</span> <span class='ocrx_word' id='word_1_337' title='bbox 910 2493 986 2519; x_wconf 82' lang='lat' dir='ltr'>ante</span> <span class='ocrx_word' id='word_1_338' title='bbox 1018 2498 1106 2519; x_wconf 80' lang='lat' dir='ltr'>corr.</span> <span class='ocrx_word' id='word_1_339' title='bbox 1135 2487 1171 2518; x_wconf 87' lang='lat' dir='ltr'>G.</span> <span class='ocrx_word' id='word_1_340' title='bbox 1205 2485 1220 2528; x_wconf 93' lang='grc' dir='ltr'>Η</span> <span class='ocrx_word' id='word_1_341' title='bbox 1257 2487 1404 2518; x_wconf 84' lang='lat' dir='ltr'>humore</span> <span class='ocrx_word' id='word_1_342' title='bbox 1436 2488 1501 2520; x_wconf 66' lang='lat' dir='ltr'>LC:</span> <span class='ocrx_word' id='word_1_343' title='bbox 1539 2487 1721 2518; x_wconf 84' lang='lat' dir='ltr'>humorem</span> 
     </span>
     <span class='ocr_line' id='line_1_39' title="bbox 211 2539 1721 2584; baseline -0.001 -10"><span class='ocrx_word' id='word_1_344' title='bbox 211 2545 248 2574; x_wconf 90' lang='lat' dir='ltr'>ll</span> <span class='ocrx_word' id='word_1_345' title='bbox 274 2545 354 2583; x_wconf 70' lang='lat' dir='ltr'>(ch),</span> <span class='ocrx_word' id='word_1_346' title='bbox 380 2545 461 2574; x_wconf 63' lang='lat' dir='ltr'>—rfi</span> <span class='ocrx_word' id='word_1_347' title='bbox 487 2544 518 2574; x_wconf 91' lang='lat' dir='ltr'><em>E</em></span> <span class='ocrx_word' id='word_1_348' title='bbox 544 2542 570 2583; x_wconf 76' lang='lat' dir='ltr'>(l</span> <span class='ocrx_word' id='word_1_349' title='bbox 593 2548 626 2574; x_wconf 82' lang='lat' dir='ltr'>et</span> <span class='ocrx_word' id='word_1_350' title='bbox 650 2548 727 2574; x_wconf 80' lang='lat' dir='ltr'>ante</span> <span class='ocrx_word' id='word_1_351' title='bbox 752 2554 841 2574; x_wconf 74' lang='lat' dir='ltr'>eor-r.</span> <span class='ocrx_word' id='word_1_352' title='bbox 868 2542 931 2584; x_wconf 80' lang='lat' dir='ltr'>L),</span> <span class='ocrx_word' id='word_1_353' title='bbox 957 2545 1078 2575; x_wconf 68' lang='lat' dir='ltr'>umore</span> <span class='ocrx_word' id='word_1_354' title='bbox 1105 2544 1141 2574; x_wconf 87' lang='lat' dir='ltr'>G.</span> <span class='ocrx_word' id='word_1_355' title='bbox 1174 2539 1188 2584; x_wconf 96' lang='grc' dir='ltr'>Η</span> <span class='ocrx_word' id='word_1_356' title='bbox 1221 2542 1376 2583; x_wconf 83' lang='lat' dir='ltr'>hypatas</span> <span class='ocrx_word' id='word_1_357' title='bbox 1402 2543 1440 2573; x_wconf 89' lang='lat' dir='ltr'><em>H</em></span> <span class='ocrx_word' id='word_1_358' title='bbox 1466 2541 1572 2583; x_wconf 85' lang='lat' dir='ltr'><em>(Llc):</em></span> <span class='ocrx_word' id='word_1_359' title='bbox 1607 2543 1721 2584; x_wconf 84' lang='lat' dir='ltr'>hypa-</span> 
     </span>
     <span class='ocr_line' id='line_1_40' title="bbox 211 2596 1718 2640; baseline -0.001 -10"><span class='ocrx_word' id='word_1_360' title='bbox 211 2602 266 2630; x_wconf 85' lang='lat' dir='ltr'>tos</span> <span class='ocrx_word' id='word_1_361' title='bbox 293 2599 463 2639; x_wconf 82' lang='lat' dir='ltr'>(hybatos</span> <span class='ocrx_word' id='word_1_362' title='bbox 489 2598 533 2639; x_wconf 88' lang='lat' dir='ltr'>E)</span> <span class='ocrx_word' id='word_1_363' title='bbox 560 2599 633 2632; x_wconf 83' lang='grc' dir='ltr'>ΕΘ,</span> <span class='ocrx_word' id='word_1_364' title='bbox 666 2596 681 2640; x_wconf 97' lang='grc' dir='ltr'>Η</span> <span class='ocrx_word' id='word_1_365' title='bbox 712 2599 1098 2640; x_wconf 84' lang='lat' dir='ltr'>proslambanomenon</span> <span class='ocrx_word' id='word_1_366' title='bbox 1123 2598 1225 2629; x_wconf 64' lang='lat' dir='ltr'>I&#39;lzz‘L:</span> <span class='ocrx_word' id='word_1_367' title='bbox 1252 2598 1647 2639; x_wconf 85' lang='lat' dir='ltr'>proslambanomenos</span> <span class='ocrx_word' id='word_1_368' title='bbox 1672 2598 1718 2634; x_wconf 89' lang='lat' dir='ltr'>H,</span> 
     </span>
    </p>
   </div>
   <div class='ocr_carea' id='block_1_10' title="bbox 212 2652 1721 2706">
    <p class='ocr_par' dir='ltr' id='par_1_10' title="bbox 212 2652 1721 2706">
     <span class='ocr_line' id='line_1_41' title="bbox 212 2652 1721 2706; baseline -0.001 -21"><span class='ocrx_word' id='word_1_369' title='bbox 212 2665 294 2696; x_wconf 80' lang='lat' dir='ltr'>pros</span> <span class='ocrx_word' id='word_1_370' title='bbox 331 2655 501 2686; x_wconf 85' lang='lat' dir='ltr'>lambano</span> <span class='ocrx_word' id='word_1_371' title='bbox 538 2664 661 2686; x_wconf 89' lang='lat' dir='ltr'>menos</span> <span class='ocrx_word' id='word_1_372' title='bbox 698 2655 761 2685; x_wconf 87' lang='lat' dir='ltr'>EG</span> <span class='ocrx_word' id='word_1_373' title='bbox 802 2654 865 2696; x_wconf 86' lang='lat' dir='ltr'>(lc,</span> <span class='ocrx_word' id='word_1_374' title='bbox 903 2654 1329 2706; x_wconf 26' lang='lat' dir='ltr'>prosulambadnomenos</span> <span class='ocrx_word' id='word_1_375' title='bbox 1363 2653 1421 2693; x_wconf 87' lang='lat' dir='ltr'>L).</span> <span class='ocrx_word' id='word_1_376' title='bbox 1460 2652 1475 2695; x_wconf 90' lang='grc' dir='ltr'>Η</span> <span class='ocrx_word' id='word_1_377' title='bbox 1514 2655 1553 2684; x_wconf 86' lang='grc'>19</span> <span class='ocrx_word' id='word_1_378' title='bbox 1587 2663 1721 2694; x_wconf 83' lang='lat' dir='ltr'>cogun-</span> 
     </span>
    </p>
   </div>
   <div class='ocr_carea' id='block_1_11' title="bbox 214 2717 1721 2817">
    <p class='ocr_par' dir='ltr' id='par_1_11' title="bbox 214 2717 1721 2817">
     <span class='ocr_line' id='line_1_42' title="bbox 216 2717 1718 2763; baseline -0.002 -11"><span class='ocrx_word' id='word_1_379' title='bbox 216 2725 293 2753; x_wconf 82' lang='lat' dir='ltr'>tur.</span> <span class='ocrx_word' id='word_1_380' title='bbox 313 2722 365 2752; x_wconf 81' lang='lat' dir='ltr'>uti</span> <span class='ocrx_word' id='word_1_381' title='bbox 401 2723 525 2763; x_wconf 78' lang='lat' dir='ltr'>interp.</span> <span class='ocrx_word' id='word_1_382' title='bbox 567 2721 644 2753; x_wconf 79' lang='lat' dir='ltr'>EcG</span> <span class='ocrx_word' id='word_1_383' title='bbox 677 2720 787 2761; x_wconf 61' lang='grc' dir='ltr'>(ΜΟ),</span> <span class='ocrx_word' id='word_1_384' title='bbox 826 2725 1003 2763; x_wconf 77' lang='lat' dir='ltr'>coguntur</span> <span class='ocrx_word' id='word_1_385' title='bbox 1040 2721 1091 2751; x_wconf 84' lang='lat' dir='ltr'>uti</span> <span class='ocrx_word' id='word_1_386' title='bbox 1129 2719 1254 2751; x_wconf 88' lang='lat' dir='ltr'>cadem</span> <span class='ocrx_word' id='word_1_387' title='bbox 1283 2744 1316 2753; x_wconf 86' lang='lat'>..</span> <span class='ocrx_word' id='word_1_388' title='bbox 1335 2745 1344 2753; x_wconf 90' lang='lat'><strong>.</strong></span> <span class='ocrx_word' id='word_1_389' title='bbox 1369 2721 1441 2751; x_wconf 79' lang='lat' dir='ltr'>sine</span> <span class='ocrx_word' id='word_1_390' title='bbox 1472 2722 1594 2760; x_wconf 80' lang='lat' dir='ltr'>interp.</span> <span class='ocrx_word' id='word_1_391' title='bbox 1629 2720 1673 2749; x_wconf 84' lang='lat' dir='ltr'>H.</span> <span class='ocrx_word' id='word_1_392' title='bbox 1703 2717 1718 2761; x_wconf 71' lang='grc' dir='ltr'>Η</span> 
     </span>
     <span class='ocr_line' id='line_1_43' title="bbox 214 2773 1721 2817; baseline -0.002 -9"><span class='ocrx_word' id='word_1_393' title='bbox 214 2780 256 2808; x_wconf 72' lang='lat'>20</span> <span class='ocrx_word' id='word_1_394' title='bbox 283 2789 300 2807; x_wconf 64' lang='grc' dir='ltr'>(ι</span> <span class='ocrx_word' id='word_1_395' title='bbox 326 2778 444 2809; x_wconf 84' lang='lat' dir='ltr'>modio</span> <span class='ocrx_word' id='word_1_396' title='bbox 469 2779 558 2809; x_wconf 79' lang='lat' dir='ltr'>Fea:</span> <span class='ocrx_word' id='word_1_397' title='bbox 583 2776 700 2808; x_wconf 85' lang='lat' dir='ltr'>medio</span> <span class='ocrx_word' id='word_1_398' title='bbox 727 2777 828 2808; x_wconf 86' lang='grc' dir='ltr'><em>ΕΘΗ</em></span> <span class='ocrx_word' id='word_1_399' title='bbox 853 2776 920 2817; x_wconf 74' lang='lat' dir='ltr'>(LI,</span> <span class='ocrx_word' id='word_1_400' title='bbox 947 2777 1101 2808; x_wconf 84' lang='lat' dir='ltr'>medlum</span> <span class='ocrx_word' id='word_1_401' title='bbox 1119 2776 1168 2813; x_wconf 79' lang='lat' dir='ltr'>elz,</span> <span class='ocrx_word' id='word_1_402' title='bbox 1193 2775 1311 2807; x_wconf 69' lang='lat' dir='ltr'>medisi</span> <span class='ocrx_word' id='word_1_403' title='bbox 1335 2775 1387 2815; x_wconf 71' lang='lat' dir='ltr'><em>Ic).</em></span> <span class='ocrx_word' id='word_1_404' title='bbox 1419 2773 1434 2817; x_wconf 88' lang='grc'>11</span> <span class='ocrx_word' id='word_1_405' title='bbox 1466 2778 1721 2816; x_wconf 84' lang='lat' dir='ltr'>paranetarum</span> 
     </span>
    </p>
   </div>
   <div class='ocr_carea' id='block_1_12' title="bbox 214 2828 1718 2919">
    <p class='ocr_par' dir='ltr' id='par_1_12' title="bbox 214 2828 1718 2919">
     <span class='ocr_line' id='line_1_44' title="bbox 216 2828 1718 2874; baseline -0.001 -12"><span class='ocrx_word' id='word_1_406' title='bbox 216 2837 451 2874; x_wconf 70' lang='lat' dir='ltr'>netarumque</span> <span class='ocrx_word' id='word_1_407' title='bbox 476 2834 563 2865; x_wconf 82' lang='lat' dir='ltr'>Fea:</span> <span class='ocrx_word' id='word_1_408' title='bbox 595 2835 848 2874; x_wconf 81' lang='lat' dir='ltr'>paranetarum</span> <span class='ocrx_word' id='word_1_409' title='bbox 876 2843 944 2873; x_wconf 85' lang='lat' dir='ltr'>quc</span> <span class='ocrx_word' id='word_1_410' title='bbox 970 2832 1071 2871; x_wconf 73' lang='lat' dir='ltr'>(—r[1</span> <span class='ocrx_word' id='word_1_411' title='bbox 1098 2841 1190 2872; x_wconf 86' lang='lat' dir='ltr'>quae</span> <span class='ocrx_word' id='word_1_412' title='bbox 1218 2830 1262 2871; x_wconf 89' lang='grc' dir='ltr'><em>Ε)</em></span> <span class='ocrx_word' id='word_1_413' title='bbox 1295 2830 1407 2864; x_wconf 84' lang='grc' dir='ltr'><em>ΕΘΗ.</em></span> <span class='ocrx_word' id='word_1_414' title='bbox 1440 2828 1454 2872; x_wconf 97' lang='grc' dir='ltr'>Η</span> <span class='ocrx_word' id='word_1_415' title='bbox 1486 2832 1526 2861; x_wconf 76' lang='lat'>21</span> <span class='ocrx_word' id='word_1_416' title='bbox 1560 2831 1718 2862; x_wconf 86' lang='lat' dir='ltr'>sonitus:</span> 
     </span>
     <span class='ocr_line' id='line_1_45' title="bbox 214 2888 398 2919; baseline 0.005 -1"><span class='ocrx_word' id='word_1_417' title='bbox 214 2889 262 2918; x_wconf 69' lang='lat' dir='ltr'>sic</span> <span class='ocrx_word' id='word_1_418' title='bbox 290 2888 398 2919; x_wconf 80' lang='grc' dir='ltr'><em>ΕΘΗ.</em></span> 
     </span>
    </p>
   </div>
  </div>
 </body>
</html>
