1909 3322
198 619 216 648 Οἱ

181 957 219 986 10

242 228 294 268 78
891 227 1100 258 VITRuvn

241 353 340 394 pars
371 336 446 376 fiat
475 348 571 375 cum
603 333 692 374 suis
722 329 950 385 astragalis
982 335 1023 369 et
1053 313 1282 383 supercilio
1314 325 1509 381 superior
1537 323 1759 375 trochilus,

241 405 375 446 altera
414 416 513 458 pars
544 400 738 442 inferiori
768 397 950 439 trochilo
981 395 1272 450 relinquatur,
1311 393 1387 434 sed
1417 392 1596 434 inferior
1624 391 1761 431 maior

242 470 467 528 apparebit
506 468 604 509 ideo
647 466 761 524 quod
800 464 977 506 habebit
1015 462 1070 503 ad
1111 469 1347 503 extremam
1377 458 1593 516 plinthum
1624 458 1759 513 proie-

241 546 418 580 cturam.
459 535 664 590 astragali
683 532 873 575 faciendi
895 538 993 573 sunt
1023 537 1202 572 octavae
1233 528 1366 584 partis
1396 525 1582 568 trochili.
1600 552 1603 557 ,
1623 525 1760 580 proie-

242 613 362 647 ctura
394 605 475 645 erit
506 604 646 659 spirae
677 615 776 658 pars
809 606 960 641 octava
992 606 1033 639 et
1063 603 1186 638 sexta
1218 596 1397 636 decuma
1428 608 1527 650 pars
1559 593 1760 633 crassitu—

244 674 359 714 dinis
392 671 627 714 columnae.

357 739 495 796 Spiris
518 738 723 795 perfectis
747 743 787 777 et
819 734 1052 777 conlocatis
1085 731 1306 783 columnae
1336 735 1435 771 sunt
1464 728 1688 770 medianae
1719 729 1763 768 in

243 823 404 866 pronao
444 813 486 848 et
524 807 688 863 postico
726 804 780 844 ad
818 799 1172 859 perpendiculum
1210 798 1342 839 medii
1374 797 1508 838 centri
1541 795 1762 836 conlocan-

244 878 345 929 dae,
376 874 603 930 angulares
633 879 776 913 autem
808 882 1001 926 quaeque
1033 882 1055 908 e
1085 867 1259 921 regione
1291 880 1436 906 earum
1465 864 1636 904 futurae
1666 867 1765 903 sunt

244 946 289 986 in
328 942 534 984 lateribus
574 940 693 982 aedis
734 939 888 979 dextra
925 951 974 977 ac
1014 935 1210 986 sinistra,
1258 933 1322 973 uti
1360 938 1501 988 partes
1538 930 1764 971 interiores

246 1026 353 1068 quae
385 1010 440 1050 ad
471 1010 658 1065 parietes
691 1006 823 1047 cellae
854 1009 1050 1061 spectant
1079 1002 1135 1042 ad
1165 998 1517 1057 perpendiculum
1550 997 1660 1038 latus
1692 997 1764 1037 ha-

246 1080 376 1120 beant
414 1076 702 1127 eonlocatum,
744 1073 978 1114 exteriores
1016 1076 1159 1111 autem
1195 1074 1338 1125 partes
1378 1067 1441 1108 uti
1473 1066 1635 1106 dictum
1666 1071 1766 1105 ante

248 1146 300 1187 de
332 1160 477 1186 earum
510 1149 795 1185 contractura.
857 1140 918 1181 sic
949 1138 1063 1179 enim
1093 1143 1217 1177 erunt
1246 1135 1411 1190 figurae
1442 1132 1766 1189 compositionis

247 1214 423 1254 aedium
455 1216 750 1253 contracturae
781 1210 895 1249 iusta
924 1207 1091 1247 ratione
1123 1210 1314 1245 exactae.

362 1280 511 1335 Scapis
552 1277 844 1319 columnarum
884 1275 1057 1315 statutis
1097 1270 1380 1328 capitulorum
1417 1269 1527 1309 ratio
1559 1268 1595 1308 si
1627 1266 1765 1323 pulvi-

248 1356 349 1390 nata
387 1352 510 1388 erunt
547 1346 614 1386 his
653 1343 916 1400 symmetriis
957 1339 1293 1383 conformabitur
1330 1337 1392 1378 uti
1433 1350 1558 1392 quam
1598 1349 1768 1375 crassus

249 1419 359 1458 imus
391 1429 543 1469 scapus
576 1413 705 1453 fuerit
735 1410 885 1451 addita
916 1415 1068 1449 octava
1100 1407 1279 1447 decuma
1310 1411 1431 1461 parte
1462 1403 1579 1458 scapi
1609 1401 1767 1443 abacus

250 1484 405 1525 habeat
426 1480 740 1535 longitudinem
764 1484 804 1519 et
826 1477 1112 1529 latitudinem,
1137 1471 1468 1515 crassitudinem
1492 1485 1586 1510 cum
1608 1469 1768 1510 volutis

253 1553 342 1592 eius
389 1548 627 1589 dimidiam.
700 1544 990 1586 recedendum
1027 1549 1169 1583 autem
1208 1547 1271 1580 est
1308 1538 1363 1579 ab
1403 1544 1595 1578 extremo
1633 1536 1768 1577 abaco

252 1621 294 1660 in
326 1617 573 1659 interiorem
604 1620 772 1671 partem
802 1611 1017 1654 frontibus
1050 1609 1292 1651 volutarum
1326 1612 1448 1662 parte
1478 1605 1766 1645 duodevicen-

253 1687 360 1727 sima
382 1691 423 1725 et
455 1684 545 1724 eius
577 1681 772 1722 dimidia.
832 1686 934 1720 tunc
964 1676 1205 1718 crassitudo
1237 1672 1474 1715 dividenda.
1505 1678 1569 1713 est
1598 1673 1644 1713 in
1674 1685 1768 1727 par-

252 1760 315 1794 tes
352 1765 507 1794 novem
547 1756 588 1790 et
628 1748 872 1800 dimidiam,
914 1752 955 1787 et
994 1743 1229 1787 secundum
1267 1742 1448 1783 abacum
1486 1741 1531 1780 in
1570 1746 1770 1795 quattuor

253 1820 447 1877 partibus
479 1817 723 1858 volutarum
754 1813 989 1856 secundum
1022 1811 1205 1853 extremi
1242 1809 1365 1850 abaci
1397 1806 1600 1863 quadram
1634 1806 1770 1846 lineae

254 1885 546 1928 demittendae
586 1898 693 1939 quae
731 1881 926 1923 cathetoe
957 1880 1170 1921 dicuntur.
1230 1884 1332 1918 tunc
1369 1890 1423 1916 ex
1453 1889 1609 1916 novem
1640 1875 1771 1931 parti-

211 1968 224 1995 Γ
255 1955 334 1997 bus
374 1960 416 1994 et
453 1951 635 1993 dimidia
672 1965 757 1990 una
793 1963 893 2005 pars
933 1954 974 1988 et
1004 1945 1184 1987 dimidia
1215 1945 1339 1985 abaci
1371 1942 1611 1984 crassitudo
1642 1940 1769 1981 relin—

257 2028 432 2078 quatur,
470 2018 661 2073 reliquae
699 2023 793 2058 octo
832 2015 990 2057 volutis
1031 2013 1358 2054 constituantur.
1426 2016 1528 2050 tunc
1565 2009 1620 2050 ab
1658 2008 1771 2048 linea

257 2104 365 2145 quae
396 2085 629 2129 secundum
660 2085 784 2124 abaci
817 2089 1051 2123 extremam
1084 2086 1248 2136 partem
1280 2078 1467 2118 demissa
1499 2076 1600 2129 erit,
1633 2076 1678 2116 in
1708 2076 1769 2115 in-

256 2158 456 2198 teriorem
487 2158 649 2210 partem
680 2151 761 2192 alia
795 2150 968 2191 recedat
998 2149 1124 2189 unius
1157 2154 1198 2188 et
1230 2144 1479 2186 dimidiatae
1510 2145 1644 2199 partis
1676 2142 1769 2184 lati-

347 2307 366 2337 2
393 2302 558 2336 inferiori
586 2301 628 2333 G:
656 2300 808 2331 inferior
825 2299 865 2330 II
881 2297 983 2339 (Lle).
1015 2295 1030 2339 Η
1063 2300 1082 2330 3
1101 2300 1297 2328 extremum
1317 2298 1394 2326 ante
1419 2303 1509 2325 corr.
1536 2291 1575 2323 II
1591 2291 1678 2331 (ilem
1696 2290 1732 2331 l).
1755 2290 1768 2333 l}

258 2361 437 2405 plinthum
472 2359 498 2390 G
525 2357 581 2400 (l):
614 2356 819 2398 plinthuum
850 2356 890 2386 II
913 2354 1027 2394 (Lele).
1064 2351 1079 2396 Η
1117 2354 1136 2385 5
1168 2352 1310 2384 decima
1340 2360 1425 2391 pars
1453 2350 1479 2380 G
1506 2346 1585 2389 (L):
1619 2348 1772 2379 decuma

260 2427 368 2459 apars
393 2417 433 2448 H
454 2414 610 2455 (decima
629 2421 736 2454 apars
753 2410 810 2453 le).
843 2409 858 2452 Η
885 2412 905 2442 9
924 2411 1068 2442 futurae
1095 2409 1164 2441 ed.:
1191 2408 1316 2439 futura
1344 2406 1420 2437 (ill.
1453 2402 1468 2446 ΙΙ
1501 2406 1541 2436 12
1559 2404 1611 2435 uti
1637 2404 1770 2435 dictum

260 2478 344 2506 ante
371 2472 413 2504 de
441 2480 563 2502 earum
590 2471 825 2500 contractura
850 2468 938 2498 Phil.
973 2465 1073 2507 (ante
1099 2466 1180 2497 add.
1209 2462 1325 2504 Lor.):
1352 2462 1407 2493 uti
1434 2461 1558 2492 dicant
1584 2470 1620 2491 se
1649 2469 1771 2491 earum

260 2531 529 2561 contracturam
559 2526 627 2556 GH
656 2523 717 2563 (L,
752 2523 1029 2555 contractui-arsi
1057 2523 1082 2559 l,
1115 2519 1349 2552 eontractarfi
1376 2515 1442 2558 eh).
1474 2514 1489 2559 Η
1523 2517 1563 2548 16
1587 2516 1654 2556 hys
1678 2515 1724 2546 II.
1755 2513 1769 2554 [ᾗ

261 2583 548 2617 conformabitur
574 2581 684 2613 Man:
709 2579 890 2611 —buntur
917 2579 994 2612 GH,
1027 2575 1042 2619 Η
1074 2585 1217 2608 crassus
1236 2576 1327 2606 imus
1355 2574 1437 2605 Gllc
1462 2571 1521 2614 (L,
1543 2572 1771 2603 erasissimus

260 2643 281 2677 Ι,
303 2639 552 2672 crassissimus
571 2636 636 2677 ch),
665 2633 834 2667 crassim‘³
860 2634 864 2676 Ι
886 2639 963 2666 ante
988 2644 1076 2666 corr.
1095 2633 1135 2663 II
1151 2631 1206 2672 (su
1222 2642 1327 2672 snpra
1340 2641 1405 2662 scr.
1422 2626 1503 2670 Ile).
1536 2625 1551 2670 Η
1583 2628 1623 2658 17
1642 2629 1772 2658 octava

262 2698 296 2729 ll
325 2696 436 2737 (Ηώς
471 2705 568 2726 nona
600 2693 637 2725 (i.
672 2690 686 2734 ΙΙ
719 2692 872 2723 decuma
902 2691 954 2727 Il,
987 2689 1129 2721 decima
1156 2688 1183 2717 G
1216 2685 1321 2726 (Lle).
1359 2683 1374 2726 ΙΙ
1417 2686 1460 2716 20
1490 2687 1594 2725 parte
1629 2682 1655 2713 G
1686 2681 1770 2721 (hs):

262 2757 402 2795 partem
427 2752 468 2782 II
490 2750 583 2791 (—t[=
610 2749 717 2787 Lech).
751 2745 765 2789 Η
802 2745 1122 2778 duodevicensima
1154 2743 1223 2773 GH
1251 2741 1449 2783 (—gesima
1473 2740 1541 2775 JIC,
1572 2739 1773 2778 —gessima

263 2821 289 2843 ν,
316 2809 504 2850 —gesima
530 2807 570 2843 lh,
596 2804 779 2836 -cesima
803 2802 859 2845 L).
888 2800 905 2844 ll
936 2803 979 2833 24
1003 2789 1247 2833 demittendae
1273 2798 1365 2831 ιΙο(“,;
1392 2793 1628 2827 dimittendae
1656 2794 1732 2824 (ill.
1756 2792 1769 2834 Η

265 2865 433 2895 cathetoe
462 2864 527 2894 GH
552 2862 614 2902 (ch,
643 2863 811 2893 cataetoe
843 2860 879 2895 L,
907 2857 1014 2889 cathe
1039 2867 1104 2888 zoe
1130 2854 1166 2896 Ι).
1198 2852 1212 2896 Η
1243 2855 1284 2885 27
1312 2853 1470 2884 demissa
1496 2850 1590 2891 (G⁶):
1623 2850 1773 2881 dimissa

267 2920 330 2951 GH
357 2918 460 2961 (ΜΡ).
492 2917 506 2961 Η
538 2920 581 2950 ‘28
607 2917 684 2949 alia
708 2917 788 2948 add.
806 2915 878 2947 Joe.
899 2914 1052 2957 (partem
1071 2910 1222 2944 recedat
1249 2908 1340 2950 GH).
1373 2905 1387 2951 ΙΙ
1418 2917 1509 2939 unus
1526 2911 1603 2939 ante
1621 2916 1709 2939 corr.
1732 2905 1771 2936 G.

1793 1280 1812 1309 CI
