1899 3322
565 236 627 265 DE
659 235 1012 266 ARCHITECTURA
1045 236 1134 265 ΜΒ.
1167 236 1247 265 vn.
1590 224 1667 265 157

147 341 308 397 scripta
319 373 330 393 ,
369 337 553 396 populus
593 343 770 378 cunctus
811 336 1095 391 significando
1125 337 1326 378 monebat
1357 336 1521 377 iudices
1554 336 1667 392 quod

147 408 393 465 probarent.
462 407 605 462 itaque
645 420 742 445 eum
771 404 826 445 ab
858 404 1042 459 singulis
1076 405 1315 446 sententiae
1348 411 1446 445 sunt
1476 410 1665 459 rogatae,

147 490 225 517 sex
262 489 347 516 una
386 474 591 515 dixerunt
632 479 673 513 et
711 486 837 528 quem
875 473 1064 512 maxime
1094 472 1493 513 animadverterunt
1524 471 1667 512 multi—

145 543 288 585 tudini
320 542 546 599 placuisse,
580 541 618 581 ei
649 541 833 596 primum
865 541 1125 596 praemium,
1158 540 1402 596 insequenti
1433 538 1668 580 seeundum

146 611 406 652 tribuerunt.
476 608 789 664 Aristophanes
822 622 924 649 Vero
956 622 1052 649 eum
1082 607 1137 648 ab
1170 622 1218 648 eo
1250 608 1463 648 sententia
1493 622 1666 662 rogare-
1693 617 1712 646 5

147 686 237 731 tur,
277 692 373 718 eum
412 677 598 732 primum
635 676 875 716 renuntiari
912 676 1037 716 iussit
1076 676 1149 730 qui
1187 675 1362 715 minime
1392 674 1548 730 populo
1579 674 1667 730 pla-

149 747 322 787 cuisset.
383 759 479 786 eum
508 750 652 785 autem
681 758 760 784 rex
792 750 833 784 et
863 744 1057 784 universi
1089 742 1364 783 vehementer
1394 742 1668 797 indignaren-

148 820 238 867 tur,
278 813 466 854 surrexit
505 818 546 852 et
576 811 769 865 rogando
800 812 1050 867 impetravit
1080 817 1127 851 ut
1156 816 1405 866 paterentur
1437 824 1481 850 se
1513 809 1669 851 dicere.

148 882 294 937 itaque
333 879 505 921 silentio
542 879 657 920 facto
696 879 842 921 docuit
878 894 1011 919 unum
1049 893 1103 919 ex
1134 878 1200 919 his
1234 892 1329 918 cum
1362 892 1454 918 esse
1484 884 1668 933 poetam,

149 956 312 990 eeteros
334 946 475 988 aliena
495 947 762 999 recitavisse,
794 953 991 1002 oportere
1010 952 1150 986 autem
1180 945 1421 986 iudicantes
1452 960 1536 986 non
1557 944 1671 985 furta
1698 954 1737 984 10

150 1017 226 1058 sed
266 1017 428 1071 scripta
465 1014 663 1071 probare.
737 1013 979 1055 admirante
1017 1012 1174 1070 populo
1214 1020 1255 1054 et
1291 1028 1395 1068 rege
1427 1012 1669 1064 dubitante,

149 1085 284 1126 fretus
315 1083 521 1124 memoria
553 1097 575 1123 e
606 1083 734 1123 certis
765 1083 961 1122 armariis
993 1081 1162 1122 infinita
1192 1074 1413 1122 volumina
1446 1080 1598 1121 ‹1¹duxit
1631 1086 1671 1119 ct

151 1168 199 1193 ea
231 1166 326 1193 cun]
365 1151 556 1191 recitatis
596 1150 856 1191 conferendo
896 1150 1036 1204 Coegit
1067 1150 1183 1205 ipsos
1214 1148 1379 1189 furatos
1412 1148 1464 1189 de
1497 1162 1542 1188 se
1573 1162 1670 1188 con-

149 1220 276 1261 fiteri.
344 1219 489 1274 itaque
528 1233 607 1258 rex
646 1219 773 1259 iussit
811 1233 906 1258 cum
944 1217 1010 1257 his
1041 1218 1113 1271 agi
1144 1217 1249 1257 furti
1281 1217 1672 1270 condemnatosque

152 1302 248 1328 cum
278 1287 514 1341 ignominia
545 1285 730 1338 dimisit,
771 1285 1095 1340 Aristophanen
1134 1299 1236 1325 vero
1272 1283 1551 1339 amplissimis
1582 1299 1670 1323 mu-
1700 1292 1739 1322 15

106 1382 111 1392 «
151 1354 326 1395 neribus
367 1354 538 1395 ornavit
578 1360 619 1394 et
651 1368 780 1408 supra
810 1352 1117 1393 bibliothecam
1149 1352 1386 1392 constituit.
1446 1351 1672 1405 insequen-

152 1423 268 1464 tibus
300 1422 424 1462 annis
456 1436 481 1461 a
511 1421 769 1462 Macedonia
800 1419 962 1472 Zoilus,
997 1421 1070 1475 qui
1100 1420 1327 1475 adoptavit
1359 1432 1596 1473 cognomen
1627 1423 1673 1457 ut

152 1489 505 1531 Homeromastix
527 1489 805 1541 vocitaretur,
837 1487 1149 1528 Alexandriam
1171 1488 1290 1528 venit
1322 1500 1482 1541 suaque
1514 1486 1673 1540 scripta

153 1564 299 1599 eontra
330 1556 514 1598 Iliadem
553 1563 594 1596 et
626 1555 855 1612 Odyssean
893 1562 1138 1612 comparata
1175 1555 1269 1609 regi
1298 1554 1513 1594 recitavit.
1574 1552 1672 1593 Pto-

151 1625 340 1667 lomaeus
361 1639 464 1665 vero
495 1639 591 1665 eum
621 1624 1002 1664 animadvertisset
1032 1629 1254 1678 poetarum
1285 1628 1505 1677 parentem
1537 1619 1672 1675 philo·
1699 1629 1743 1660 20

154 1692 379 1748 logiaeque
410 1694 546 1733 omnis
577 1691 729 1732 ducem
760 1691 980 1731 absentem
1014 1691 1165 1730 vexari
1198 1696 1238 1729 et
1270 1689 1389 1729 euius
1422 1689 1476 1728 ab
1509 1688 1673 1727 cunetis

154 1760 357 1815 gentibus
398 1760 559 1815 scripta
599 1760 922 1814 suspicerentur
959 1758 1014 1798 ab
1054 1773 1101 1799 eo
1144 1758 1400 1812 vituperari,
1442 1756 1673 1809 indignans

155 1827 318 1868 nullum
357 1828 395 1867 ei
435 1827 556 1868 dedit
592 1841 860 1882 responsum.
927 1825 1075 1866 Zoilus
1114 1832 1257 1866 autem
1295 1839 1390 1864 oum
1430 1824 1591 1864 diutius
1631 1824 1675 1863 in

154 1910 287 1950 regno
318 1894 486 1947 fuisset,
519 1895 665 1949 inopia
692 1909 864 1949 pressus
895 1893 1109 1934 summisit
1136 1892 1191 1932 ad
1220 1906 1364 1946 regem
1387 1890 1606 1948 postulans
1629 1899 1674 1931 ut

155 1961 320 2018 aliquid
359 1961 444 2002 sibi
482 1961 759 2002 tribueretur.
825 1975 902 2001 rex
940 1974 1043 2001 vero
1081 1959 1357 2016 respondisse
1396 1959 1555 1999 dieitur
1584 1958 1672 1999 Ho—
1700 1967 1742 1997 ‘25

155 2045 347 2082 merum,
395 2030 468 2085 qui
511 2038 610 2069 ante
655 2043 789 2069 annos
828 2027 944 2068 mille
983 2027 1269 2079 decessisset,
1314 2041 1422 2067 aevo
1467 2033 1674 2082 perpetuo

156 2097 291 2139 multa
326 2096 446 2138 milia
483 2096 704 2138 hominum
741 2110 938 2152 pascere,
978 2096 1080 2136 item
1112 2095 1270 2136 debere
1301 2095 1374 2149 qui
1405 2093 1580 2135 meliore
1611 2095 1672 2134 in-

250 2316 265 2345 l
293 2313 400 2355 qiwd:
428 2314 477 2344 sic·
504 2312 580 2343 (ill.
612 2309 627 2353 Η
659 2315 678 2343 3
705 2311 873 2343 dixerunt
892 2312 927 2342 ll
945 2310 1052 2352 (Llc):
1080 2311 1290 2343 direxerunt
1319 2312 1355 2343 G.
1380 2308 1393 2352 Η
1415 2311 1434 2341 6
1453 2310 1673 2341 renuntiari:

157 2373 206 2402 sic
225 2371 301 2402 (ill.
327 2367 341 2412 Η
363 2371 382 2402 8
401 2369 614 2410 impetravit
631 2370 684 2399 ed.
704 2367 819 2409 (7·ez·.):
841 2368 1031 2409 imperavit
1048 2369 1124 2400 GH.
1143 2367 1158 2410 ΙΙ
1183 2370 1222 2400 10
1241 2365 1466 2409 oporam-east
1487 2371 1563 2397 ante
1581 2376 1670 2398 corr.

160 2428 231 2469 (qni
253 2437 321 2460 scr.
341 2429 463 2457 autem
488 2436 593 2466 supra
616 2423 688 2466 at'l)
719 2426 755 2455 (ι’.
778 2422 793 2466 [l
818 2426 857 2454 12
876 2424 1047 2455 memoria
1074 2436 1091 2455 e
1109 2425 1217 2456 certis
1235 2424 1326 2456 ,Ιωαῑ
1353 2422 1546 2454 memoriae
1567 2422 1669 2459 (—iu·

160 2484 200 2520 L,
227 2483 306 2523 —iq
335 2482 407 2521 (ilc)
435 2483 544 2513 certis
572 2481 648 2515 Gll.
681 2479 696 2523 Η
730 2482 769 2511 15
796 2480 931 2511 dimisit
956 2480 992 2510 ll
1024 2478 1134 2520 (mc),
1166 2479 1310 2511 demisit
1343 2480 1380 2510 G.
1414 2476 1428 2519 Η
1460 2477 1671 2518 Aristopha-

159 2549 247 2570 nen:
273 2539 321 2569 εἰς·
349 2538 416 2569 GH
441 2536 544 2579 (Llc).
576 2535 590 2579 11
625 2539 664 2568 16
690 2537 819 2569 biblio·
847 2538 885 2575 G,
911 2535 1050 2576 byblio-
1076 2536 1114 2566 ΙΙ
1138 2536 1221 2575 (Le,
1254 2535 1390 2574 biblyo-
1418 2535 1452 2573 l).
1485 2531 1499 2575 ι]
1535 2535 1572 2564 Π
1600 2544 1671 2565 ma—

161 2594 341 2627 chedonia
369 2594 437 2625 GH
465 2592 546 2633 (Le,
574 2604 692 2625 mace-
717 2595 752 2633 I).
787 2590 801 2635 ΙῙ
835 2594 874 2623 18
906 2591 1207 2631 homerolmastix
1235 2592 1277 2627 G,
1304 2591 1448 2621 homero
1481 2590 1610 2620 mastix
1639 2590 1672 2620 ΙΙ

161 2649 255 2691 (Llc,
287 2651 350 2682 sed
381 2659 501 2681 omero
527 2650 552 2687 l,
586 2651 727 2690 mastyx
759 2647 824 2687 ele).
865 2645 880 2688 ΙΙ
920 2649 958 2678 19
990 2647 1128 2678 iliadeu
1161 2651 1196 2678 et
1226 2647 1387 2678 odissian
1422 2646 1486 2676 Gll
1518 2644 1623 2684 (Lle).

161 2705 343 2748 pto(ptho-
368 2705 534 2746 l>lomeus
561 2706 627 2737 GH
652 2704 756 2745 (lde),
788 2701 803 2746 Η
841 2706 882 2734 22
909 2705 1199 2745 suspicerentur:
1229 2704 1278 2734 sic
1311 2703 1385 2733 [r'll.
1424 2699 1438 2742 Η
1478 2700 1672 2742 indignans

164 2763 206 2793 G:
240 2762 408 2803 indignus
441 2762 478 2792 Il
510 2760 614 2802 (Lle).
648 2759 664 2803 [l
694 2763 737 2793 ‘24
768 2770 913 2802 pressus
945 2760 1122 2791 summisit
1155 2761 1206 2791 etl.
1239 2758 1353 2798 (reah
1384 2768 1545 2798 pressum
1577 2768 1671 2788 sum-

162 2818 261 2849 misit
276 2818 310 2849 ll
328 2816 503 2859 (pressum
519 2842 526 2850 .
542 2819 721 2850 summisit
736 2829 763 2854 c,
790 2818 915 2858 pressi]
931 2842 939 2850 .
954 2816 1096 2847 sfimisit
1113 2816 1174 2852 le,
1199 2824 1343 2856 pressus
1358 2814 1536 2845 summisit
1559 2815 1570 2843 I
1595 2819 1671 2845 ante

161 2884 251 2906 corr.
277 2876 334 2916 qui
353 2875 437 2915 fecit
461 2883 607 2917 pressus
632 2874 743 2915 misit,
768 2874 830 2905 secl
851 2883 907 2915 pr.
934 2884 973 2904 m,
990 2873 1191 2914 scripturam
1216 2872 1361 2902 restituit
1385 2869 1499 2912 atius),
1525 2880 1671 2913 pressus

160 2931 258 2963 misit
285 2930 322 2965 G.
