1899 3322
570 253 631 284 DE
663 255 1016 288 ARCHITECTURA
1049 258 1138 289 121ss.
1171 260 1233 289 1x.
1573 249 1654 293 227

142 362 299 396 terram
332 362 373 396 et
403 361 534 410 auget
564 357 705 412 spatia
735 357 917 400 dierum.
979 360 1138 401 deinde
1169 376 1190 402 e
1221 362 1405 416 geminis
1438 377 1535 404 cuni
1565 364 1660 405 iniit

141 423 196 463 ad
229 437 445 476 cancrum,
479 438 561 479 quo
592 422 891 479 longissimum
922 433 1038 468 tenet
1067 427 1172 469 caeli
1205 430 1407 485 spatium,
1440 444 1536 472 cum
1567 446 1661 487 per-

142 491 262 532 venit
292 493 337 533 in
368 497 531 547 partem
564 493 780 546 octavam,
815 493 994 548 perficit'
1014 494 1241 537 solstitiale
1271 504 1462 553 teinpus,
1496 505 1536 540 et
1567 513 1661 555 per-

139 573 273 613 agens
314 559 513 615 pervenit
550 559 606 600 ad
645 566 773 616 caput
813 567 854 601 et
884 568 1048 617 peetus·
1068 562 1225 618 leonis,
1267 564 1381 620 quod
1413 579 1488 606 eae
1519 574 1661 622 partes

94 635 113 664 ‘2
140 641 292 668 cancro
333 632 432 667 sunt
471 627 719 669 attributae.
789 642 810 668 e
847 635 1020 685 pectore
1059 637 1203 671 autem
1249 631 1384 673 leonis
1424 640 1465 674 et
1504 633 1660 676 finibus

139 695 283 734 cancri
324 693 387 735 sol
436 695 554 735 exitu
594 709 847 749 percurrens
887 696 1073 753 reliquas
1112 704 1253 754 partes
1290 698 1424 741 leonis
1460 702 1662 744 inminuit

139 761 227 802 diei
266 762 611 816 magnitudinem
651 769 692 804 et
736 764 1029 806 circinationis
1074 766 1274 822 reditque
1311 768 1355 807 in
1393 769 1661 822 geminorum

137 828 361 885 aequalem
394 844 580 870 cursum.
640 837 744 871 tune
776 845 877 873 vero
908 846 933 872 a
964 832 1085 874 leone
1125 835 1339 875 transiens
1370 836 1415 875 in
1446 837 1660 892 virginem

138 897 507 953 progrediensque
539 897 595 938 ad
628 899 766 939 sinum
800 900 935 940 vestis
968 900 1058 941 eius
1091 901 1307 943 contrahit
1338 903 1661 950 circinationem

141 970 182 1005 et
212 971 369 1020 aequat
400 964 454 1005 ad
488 979 579 1005 eam
612 980 738 1021 quam
761 972 907 1008 taurus
930 967 1059 1009 habet
1081 983 1229 1010 cursus
1252 970 1475 1013 rationem.
1531 987 1553 1013 e
1573 974 1659 1014 vir·
1689 982 1727 1011 10

137 1032 238 1086 gine
269 1039 413 1073 autem
444 1032 725 1088 progrediens
763 1048 838 1090 per
876 1036 1031 1089 sinum,
1071 1037 1141 1092 qui.
1182 1036 1302 1079 sinus
1340 1037 1477 1080 librae
1515 1048 1658 1096 partes

139 1099 270 1141 habet
314 1101 474 1156 primas
485 1133 496 1154 ⁷
541 1101 591 1140 'in
642 1100 776 1142 librae
821 1110 941 1159 parte
986 1116 1070 1145 V111
1120 1104 1290 1161 perficit
1337 1108 1657 1163 aequinoctium

136 1164 395 1208 autumnale.⁴
456 1168 528 1224 qui
561 1182 711 1210 cursus
742 1177 899 1225 aequat
929 1186 1023 1212 eam
1045 1172 1367 1214 circinationem
1390 1189 1499 1230 quae
1519 1175 1661 1219 fuerat

91 1244 110 1273 3
135 1236 180 1276 111
211 1235 358 1275 arietis
391 1235 529 1290 signo.
582 1237 851 1292 scorpionem
882 1245 1025 1280 auten]
1058 1254 1154 1280 eum
1185 1239 1248 1282 sol
1278 1241 1498 1296 ingressus
1530 1244 1660 1286 fuerit

136 1302 435 1343 occidentibus
486 1303 707 1358 vergiliis,
760 1305 915 1347 minuit
964 1307 1245 1363 progrediens
1296 1308 1352 1349 ad
1396 1311 1658 1353 meridianas
1689 1320 1725 1350 15

136 1376 277 1427 partes
317 1369 609 1425 longitudines
650 1372 830 1414 dierum.
907 1388 929 1414 e
967 1376 1192 1431 scorpione
1232 1391 1328 1417 eum
1369 1380 1658 1433 percurrendo

135 1439 215 1479 init
252 1438 297 1479 in
335 1438 607 1493 sagittarium
645 1439 700 1480 ad
740 1440 899 1481 femina
938 1443 1049 1496 eius,
1090 1444 1419 1485 contractiorem
1457 1446 1657 1488 diurnum

133 1505 332 1562 pervolat
363 1520 548 1547 cursum.
609 1521 705 1548 eum
736 1514 881 1549 autem
911 1509 1066 1566 incipit
1096 1525 1121 1552 a
1151 1511 1387 1553 feminibus
1427 1515 1656 1569 sagittarii,

135 1587 243 1629 quae
274 1588 372 1629 pars
406 1580 470 1614 est
500 1574 712 1616 attributa
743 1578 1009 1632 capricorno,
1043 1578 1099 1619 ad
1128 1585 1295 1635 partem
1318 1587 1530 1635 octavam,
1562 1582 1656 1623 bre-

134 1642 360 1682 vissimum
391 1640 499 1682 caeli
530 1643 745 1698 percurrit
776 1645 977 1700 spatium.
1039 1660 1093 1686 ex
1125 1660 1173 1687 eo
1204 1662 1229 1687 a
1258 1647 1472 1689 brevitate
1487 1649 1658 1697 ‚diurna
1683 1659 1724 1689 ‘20

134 1710 285 1750 bruma
322 1723 373 1749 ac
411 1708 502 1749 dies
541 1709 758 1751 brumales
802 1711 1090 1768 appellantur.
1167 1729 1189 1754 e
1229 1716 1476 1771 capricorno
1514 1724 1656 1758 autem

135 1777 349 1817 transiens
382 1776 426 1816 in
458 1778 682 1832 aquarium
722 1778 910 1834 adauget
949 1794 1003 1820 ex
1041 1794 1179 1835 aequa
1216 1783 1431 1836 sagittarii
1469 1783 1655 1839 longitu—

135 1844 236 1885 dine
269 1843 357 1883 diei
389 1845 590 1900 spatium.
654 1845 708 1886 ab
740 1847 917 1902 aquario
956 1862 1052 1888 cum
1091 1848 1313 1902 ingressus
1346 1857 1409 1892 est
1440 1851 1484 1890 in
1515 1852 1655 1907 pisces

132 1912 306 1952 favonio
345 1910 496 1965 flante,
544 1914 782 1969 scorpionis
829 1922 1048 1971 comparat
1086 1916 1309 1972 aequalem
1348 1933 1534 1959 cursum.
1595 1920 1656 1961 ita

132 1978 194 2019 sol
228 1993 277 2019 ea
308 1979 434 2033 signa
465 1979 625 2020 circum
656 1982 932 2037 pervagando
965 1984 1093 2024 certis
1125 1984 1390 2041 temporibus
1422 1993 1551 2041 auget
1581 1993 1655 2027 aut
1680 1996 1722 2026 25

131 2047 285 2087 minuit
317 2046 483 2087 dierum
516 2054 557 2088 et
587 2047 787 2090 horarum
819 2051 973 2105 spatia.

223 2152 238 2181 1
267 2150 369 2192 augit
386 2151 434 2184 Ji.
451 2148 466 2193 Η
482 2150 613 2183 deinde
634 2163 651 2183 e
676 2152 766 2185 λοιπε
794 2153 923 2186 deinde
945 2154 1047 2186 EGll
1072 2154 1161 2196 (ωε,
1187 2157 1250 2188 sed
1274 2156 1323 2188 Ec
1341 2156 1425 2189 dein
1452 2157 1522 2199 de).
1540 2155 1556 2201 Η
1573 2158 1653 2190 iniit

134 2207 200 2239 GH
215 2205 398 2247 (Llc)‚init
413 2206 454 2238 E.
473 2204 488 2249 Η
505 2208 602 2248 211110
613 2207 739 2241 Reber:
761 2210 822 2250 qui
837 2210 947 2242 ΕΘΗ.
966 2209 980 2254 Η
999 2211 1247 2254 longissimum
1258 2213 1384 2246 Barb.:
1403 2213 1652 2246 brevissimum

132 2263 245 2294 EGH.
264 2260 278 2304 Η
295 2265 315 2295 3
330 2272 528 2304 peragens:
554 2264 602 2294 sie
616 2263 718 2295 EGH
737 2264 953 2307 (perlagens
974 2268 1010 2304 G,
1028 2278 1168 2310 ‚pagens
1188 2269 1289 2309 ΕΗ).
1306 2267 1320 2310 Η
1338 2270 1358 2299 4
1376 2269 1544 2310 pervenit
1560 2270 1653 2303 dosa:

131 2318 348 2360 perveniens
369 2318 479 2351 EGH.
497 2316 511 2361 Η
530 2329 595 2351 eae
616 2320 650 2350 ll
670 2319 748 2361 (L):
768 2320 836 2352 hae
857 2320 915 2365 (he
931 2323 991 2364 (ie)
1007 2324 1070 2356 EG
1088 2323 1158 2365 (Ic).
1176 2322 1190 2366 Η
1207 2327 1226 2356 5
1246 2335 1380 2356 cancro
1401 2326 1476 2357 [λετ
1497 2336 1652 2357 cancere

132 2374 245 2406 ΕΒΗ.
262 2372 276 2416 Η
296 2377 466 2416 epectore
485 2372 669 2418 (epyctore
686 2381 764 2408 ante
778 2387 866 2409 corr.
887 2378 926 2418 G)
945 2380 1056 2414 EGIJ.
1080 2379 1094 2422 Η
1117 2382 1136 2412 6
1156 2380 1208 2412 sol
1230 2379 1279 2421 (in
1300 2381 1405 2419 Mur.)
1428 2382 1544 2413 exitu:
1564 2382 1651 2414 solis

132 2431 249 2463 exitus
269 2431 381 2463 EGII.
399 2428 414 2472 Η
432 2432 450 2462 7
470 2431 722 2465 circinationis
736 2434 806 2465 eds
835 2434 1037 2467 circitionis
1065 2437 1131 2467 GH
1150 2436 1291 2477 (ECLW,
1317 2439 1379 2469 sed
1397 2437 1443 2467 Lt·
1469 2438 1650 2469 circuitio-

132 2487 215 2527 nis),
231 2487 401 2519 circionis
420 2493 496 2520 {mle
514 2498 604 2522 corr.
623 2489 654 2519 E
672 2488 725 2528 ((Ἰι
744 2494 776 2521 el
792 2494 870 2522 ante
884 2501 973 2522 corr.
989 2491 1027 2532 l).
1045 2489 1058 2533 Η
1076 2494 1094 2524 9
1110 2493 1224 2524 sinum
1244 2493 1288 2524 E:
1309 2494 1412 2535 signs!
1431 2494 1496 2525 (ill
1512 2494 1614 2533 (Lle).
1633 2493 1636 2536 Ι

133 2543 317 2574 contrahit
334 2544 370 2573 ΙΙ
389 2542 498 2584 (Llc):
526 2544 713 2585 contrasid
734 2546 770 2581 G,
791 2548 918 2577 eontra
937 2546 971 2577 id
986 2547 1017 2578 E
1035 2549 1111 2587 (sed
1135 2552 1262 2580 contra
1280 2549 1308 2580 it
1326 2549 1447 2589 E‘⁷(1'¹⁷).
1466 2547 1480 2590 Η
1498 2550 1650 2582 circina-

132 2599 267 2631 tionem
293 2601 364 2634 e(l„:
393 2600 618 2632 circitionem
641 2601 705 2632 (ill
724 2599 832 2642 (an,
853 2602 1103 2635 circuitionem
1121 2604 1196 2646 LO),
1224 2606 1419 2636 circionein
1443 2605 1470 2635 E
1489 2604 1558 2646 (le),
1577 2604 1592 2647 Η
1611 2608 1651 2638 10

132 2655 176 2686 ad
203 2666 299 2687 earn:
325 2657 374 2687 sic
399 2656 512 2691 EGH.
536 2654 550 2698 Η
577 2667 701 2689 cursus
728 2657 807 2689 EG:
836 2659 943 2690 cui-ssi
970 2659 1006 2690 H
1032 2657 1089 2700 (L,
1116 2671 1236 2692 —sum
1263 2660 1318 2701 Ic).
1344 2659 1358 2703 Η
1384 2663 1418 2692 11
1448 2663 1526 2702 quis
1551 2662 1650 2692 sinus

131 2716 208 2744 unte
226 2723 315 2744 corr.
336 2712 363 2743 G
390 2711 468 2751 (non
488 2711 546 2755 E).
571 2710 584 2755 Η
610 2715 648 2744 12
668 2713 771 2745 VIII:
797 2715 845 2745 sic
863 2712 923 2754 (=
941 2716 1086 2757 octava)
1109 2716 1218 2748 EGH.
1243 2714 1257 2758 Η
1284 2719 1322 2749 13
1342 2717 1550 2749 autumnale
1576 2718 1648 2749 cele:

133 2781 214 2811 autc·
241 2780 371 2820 (--tem
392 2779 437 2820 E)
465 2779 537 2811 tale
564 2780 666 2812 EGll
695 2779 789 2820 (Lle,
821 2783 883 2813 sed
916 2782 963 2813 Ec
991 2784 1040 2813 si(-
1071 2773 1294 2826 aurei-intumi.
1328 2781 1343 2826 Η
1375 2784 1646 2815 circinationem

133 2837 204 2867 cdl:
230 2836 455 2867 eircitionein
484 2836 549 2868 Gll
575 2835 732 2877 (EclAe),
760 2837 953 2868 circionem
981 2838 1022 2872 lv).
1054 2838 1069 2880 Η
1104 2841 1142 2869 15
1168 2838 1402 2880 progrediens
1429 2840 1648 2872 meridianas

137 2891 234 2923 &Gli
260 2891 320 2932 (ad
346 2893 424 2923 add.
451 2892 552 2932 .Ιο(·.).
584 2890 598 2934 Η
634 2895 670 2924 17
699 2893 782 2923 init:
813 2894 862 2924 sic
891 2893 1004 2927 EGll.
1038 2892 1052 2936 Η
1084 2896 1126 2926 22
1159 2894 1320 2935 adauget
1352 2906 1394 2926 ex
1429 2906 1545 2937 aequa
1570 2907 1646 2936 eqo:

134 2946 287 2987 adaug&
313 2948 440 2989 exano}
460 2948 595 2989 11])11111113
623 2949 700 2983 ml,
728 2948 910 2989 adauget.
927 2953 1084 2991 exequat
1111 2951 1148 2980 (ι’.
1177 2947 1192 2991 Η
1223 2951 1265 2981 25
1284 2951 1383 2982 circu
1411 2950 1550 2991 (Q—cum
1573 2953 1646 2992 ΕΗ)

1297 3006 1379 3045 15²st

1687 645 1706 673 ιἿ
