1909 3322
179 355 210 386 V

173 966 210 997 10

169 1306 208 1337 15

239 234 319 276 172
617 243 625 257 ’
885 243 1094 274 VITRUVH

349 345 513 388 Ceteris
545 343 823 387 conclavibus
855 344 901 386 id
932 352 996 387 est
1025 346 1171 387 vernis
1201 345 1521 388 autumnalibus
1552 348 1747 402 aestivis,
1776 357 1792 387 1

236 415 363 455 etiam
399 413 522 455 atriis
561 419 604 454 et
647 412 887 469 peristyliis
929 415 1188 456 constitutae
1232 420 1332 455 sunt
1374 414 1429 455 ab
1467 416 1657 472 antiquis
1696 430 1749 457 ex

236 483 363 523 certis
408 481 536 523 rebus
583 487 725 522 certae
768 482 957 523 rationes
1001 483 1280 538 picturarum.
1354 497 1539 539 namque
1583 483 1750 540 pictura

234 551 375 604 imago
406 549 454 591 fit
486 550 576 591 eius
609 548 723 607 quod
762 555 825 591 est
855 564 931 591 seu
961 556 1104 606 potest
1136 563 1250 603 esse,
1288 550 1353 590 uti
1383 549 1569 592 hominis
1599 551 1748 592 aedifi-

234 618 290 658 cii
327 618 452 658 navis
489 616 837 673 reliquarumque
874 632 1038 671 rerum,
1087 631 1109 658 e
1146 631 1325 672 quarum
1362 616 1496 659 finitis
1535 619 1750 675 certisque

234 684 484 742 corporibus
522 685 706 740 figurata
746 685 1029 726 similitudine
1068 691 1296 726 sumuntur
1334 685 1545 742 exempla.
1614 700 1669 728 ex
1700 700 1748 729 eo

233 754 400 811 antiqui
439 754 513 809 qui
557 754 683 795 initia
727 752 1063 809 expolitionibus
1109 753 1389 794 instituerunt
1439 753 1599 795 imitati
1649 761 1749 797 sunt

233 823 419 879 primum
450 827 688 863 crustarum
718 835 1051 862 marmorearum
1081 821 1314 862 varietates
1345 826 1387 862 et
1417 820 1747 876 conlocationes,

234 890 391 932 deinde
429 903 681 931 coronarum
721 895 762 930 et
805 887 1059 930 silaceorum
1099 902 1329 929 cuneorum
1373 889 1485 930 inter
1522 904 1568 930 se
1604 891 1747 931 varias

236 958 578 1000 distributiones.
646 963 794 1013 postea
822 956 1022 1011 'ingressi
1060 962 1158 997 sunt
1194 962 1242 997 ut
1286 956 1416 998 etiam
1454 956 1749 1000 aedificiorum

232 1027 414 1082 figuras,
461 1024 755 1067 columnarum
801 1030 842 1065 et
887 1024 1161 1079 fastigiorum
1205 1025 1440 1066 eminentes
1485 1026 1749 1081 proiecturas

234 1095 525 1146 imitarentur,
558 1092 807 1148 patentibus
835 1098 977 1134 autem
1008 1091 1112 1133 locis
1141 1093 1205 1133 uti
1245 1092 1417 1144 exedris
1456 1099 1632 1149 propter
1661 1108 1748 1134 am-

234 1162 467 1219 plitudines
490 1161 700 1217 parietum
720 1174 971 1201 scaenarum
992 1159 1153 1201 frontes
1175 1161 1341 1215 tragico
1357 1175 1476 1202 more
1491 1166 1567 1202 aut
1588 1162 1748 1204 comico

234 1246 308 1272 seu
347 1230 535 1286 satyrico
566 1228 873 1285 jdesignarent,
914 1227 1225 1269 ambulationes
1257 1243 1359 1270 vero
1398 1235 1575 1285 propter
1612 1231 1751 1286 spatia

235 1298 520 1353 longitudinis
544 1296 827 1337 varietatibus
859 1296 1073 1351 topiorum
1096 1302 1295 1337 ornarent
1324 1295 1379 1336 ab
1402 1298 1529 1338 certis
1560 1296 1750 1338 locorum

233 1365 571 1423 proprietatibus
604 1365 811 1418 imagines
835 1365 1139 1419 exprimentes.
1199 1365 1437 1420 pinguntur
1459 1364 1571 1405 enim
1601 1371 1749 1421 portus

235 1433 527 1490 promuntoria
575 1431 700 1472 litora
744 1430 921 1473 flumina
959 1431 1099 1473 fontes
1138 1432 1277 1488 euripi
1322 1431 1422 1472 fana
1460 1431 1546 1473 luci
1582 1439 1748 1474 montes

234 1516 389 1558 pecora
426 1506 642 1556 pastores,
680 1499 898 1541 nonnullis
936 1499 1039 1540 locis
1078 1500 1181 1541 item
1221 1500 1448 1554 signantur
1484 1499 1749 1556 megalogra-

234 1570 360 1626 phiae
398 1568 603 1610 habentes
641 1566 818 1607 deorum
849 1566 1075 1608 simulacra
1120 1582 1195 1608 seu
1231 1566 1474 1608 fabularum
1515 1567 1749 1624 dispositas

236 1636 566 1693 explicationes,
608 1649 693 1676 non
724 1635 864 1676 minus
897 1634 1107 1676 Troianas
1146 1649 1312 1691 pugnas
1351 1649 1426 1676 seu
1457 1634 1603 1677 Ulixis
1637 1650 1747 1677 erra-

233 1707 371 1747 tiones
403 1719 478 1760 per
508 1703 639 1759 topia,
673 1709 898 1758 ceteraque
930 1717 1038 1758 quae
1069 1709 1168 1744 sunt
1200 1717 1345 1745 eorum
1376 1702 1588 1744 similibus
1619 1704 1749 1745 ratio-

234 1774 361 1814 nibus
392 1772 446 1812 ab
484 1786 627 1812 rerum
657 1776 810 1812 natura
852 1776 1089 1826 procreata.
1151 1770 1227 1812 sed
1267 1771 1373 1812 haec
1411 1785 1518 1826 quae
1550 1785 1604 1813 ex
1635 1771 1748 1812 veris
1776 1781 1781 1790 ⁴

323 1878 343 1908 2
368 1875 557 1918 periStylis
581 1876 618 1907 H
644 1874 707 1914 (elz,
734 1874 921 1916 perystilis
946 1879 1023 1906 ante
1047 1885 1137 1906 corr.
1164 1876 1205 1911 L,
1232 1874 1432 1916 perystiliis
1458 1875 1521 1912 L⁶‚
1547 1874 1750 1916 peristyliis

233 1934 296 1973 hc),
322 1931 498 1974 pel-istilis
518 1932 554 1963 G.
579 1929 593 1973 Η
619 1941 662 1962 ex
690 1931 800 1962 certis
824 1931 916 1964 doc-‚z
945 1935 981 1962 et
1006 1931 1116 1962 certis
1144 1932 1209 1963 Gll
1233 1931 1320 1970 (Lclz
1345 1936 1378 1962 et
1400 1933 1437 1968 lc,
1464 1930 1493 1962 Sc
1519 1931 1649 1962 ceteris
1671 1936 1748 1963 ante

234 2000 323 2021 corr.
350 1987 386 2029 I).
417 1985 431 2029 Η
463 1989 482 2019 3
510 1990 606 2029 certe
632 1987 793 2017 rationes
822 1987 849 2017 G
880 1985 975 2026 (Lc);
1010 1987 1277 2019 caeterationes
1311 1987 1347 2018 H
1377 1986 1639 2027 (ceterationes
1664 1989 1693 2019 le
1718 1992 1750 2019 et

234 2050 312 2076 ante
337 2054 426 2075 corr.
454 2041 511 2085 L).
544 2041 559 2085 Η
590 2044 610 2073 4
634 2040 868 2083 potest}{e‘e
897 2043 924 2073 G
950 2042 1033 2083 (eum
1057 2053 1190 2079 rasura,
1217 2044 1250 2074 in
1275 2054 1340 2085 qua
1364 2043 1496 2075 videtur
1516 2043 1622 2082 fuisse
1648 2042 1702 2083 δε),
1733 2041 1746 2084 Η

234 2100 389 2133 hominis
415 2098 572 2131 aedificii
596 2099 702 2131 navis
727 2099 819 2130 Joc.:
853 2098 1016 2130 homines
1041 2098 1209 2130 aedificia
1234 2097 1385 2141 (edifitia
1413 2099 1453 2138 G)
1480 2109 1593 2130 naves
1627 2099 1703 2132 GH.
1731 2096 1746 2142 Η

233 2160 253 2188 5
279 2156 393 2187 finitis
419 2156 529 2187 Mem:
556 2155 651 2186 finiis
678 2154 705 2185 G
728 2154 810 2194 (sic,
837 2165 902 2186 non
926 2154 1028 2195 finus,
1054 2156 1117 2186 sed
1146 2156 1181 2186 in
1205 2166 1309 2197 marg.
1334 2155 1349 2186 ῑ
1373 2154 1413 2186 af
1436 2153 1602 2195 finibus),
1628 2154 1748 2187 finibis

233 2214 270 2244 Il
295 2212 440 2252 (finibus
468 2211 556 2251 Llc).
590 2209 605 2254 Η
641 2212 660 2242 9
688 2221 899 2242 coronarum
938 2213 973 2241 et
1009 2210 1224 2243 silaceorum
1258 2211 1617 2252 (miniaeeorumque)
1654 2212 1749 2244 2100..-

235 2278 446 2300 coronarum
472 2267 698 2299 siliculorum
720 2267 795 2298 GH.
821 2264 835 2308 Η
858 2267 952 2298 inter
978 2268 1142 2299 sevarias
1167 2268 1205 2298 H
1223 2267 1264 2308 (e,
1284 2269 1379 2299 inter
1405 2277 1443 2299 se
1465 2268 1591 2299 varias
1611 2267 1747 2309 chclz)z

234 2326 370 2357 interse
397 2334 432 2356 se
456 2325 579 2356 varias
607 2327 644 2358 G.
677 2320 693 2365 Η
725 2324 763 2353 11
792 2322 1037 2354 columnarum
1064 2326 1116 2355 et:
1141 2325 1190 2355 sic
1211 2324 1286 2356 GH.
1310 2321 1325 2366 Η
1346 2324 1574 2365 proiecturas
1596 2324 1639 2356 G:
1666 2334 1745 2366 pro-

234 2380 394 2413 lecturas
419 2382 456 2412 H
481 2379 585 2421 (Lle).
619 2377 633 2422 Η
666 2380 707 2411 12
733 2379 963 2411 imitarentur
985 2380 1076 2413 ..locut
1103 2380 1288 2411 imitentur
1312 2380 1351 2410 H
1374 2378 1526 2420 (GcLlc>‚
1553 2379 1746 2412 iminentes

234 2442 310 2469 ante
335 2448 426 2469 corr.
454 2439 491 2471 G.
523 2434 538 2479 Η
575 2436 667 2467 locis
692 2436 746 2466 uti
779 2435 948 2467 exhedris
983 2436 1049 2467 GH
1080 2435 1158 2478 (L):
1186 2435 1277 2468 locis
1296 2435 1440 2467 exedris
1458 2438 1497 2468 lc.
1533 2433 1547 2479 Η
1580 2436 1749 2478 amplitu-

235 2494 353 2527 dines:
384 2494 433 2525 εἰσ
460 2493 536 2525 GH.
567 2489 583 2535 Η
615 2493 657 2523 14
689 2491 956 2524 ambulationes
982 2493 1092 2525 Rode:
1126 2491 1435 2524 ambulationibus
1469 2492 1544 2524 GH.
1578 2490 1593 2535 Η
1626 2494 1666 2524 15
1698 2493 1744 2524 ab

236 2551 347 2582 certis
376 2550 447 2583 ed.:
491 2547 652 2580 adcertis
691 2548 757 2580 GH
790 2546 850 2588 (L,
884 2549 1019 2581 acertis
1056 2547 1113 2590 lc).
1145 2545 1160 2591 Η
1201 2549 1239 2579 17
1271 2548 1521 2590 promunturia
1554 2549 1620 2581 GH
1651 2547 1745 2590 (pro-

236 2607 440 2638 muncturia
467 2605 521 2646 GC,
547 2605 816 2646 promunctoria
842 2605 909 2643 Lh,
947 2605 1196 2648 promuntoria
1230 2603 1284 2644 lc).
1330 2602 1344 2646 Η
1383 2605 1508 2646 eurypi
1542 2605 1618 2636 GH.
1658 2602 1673 2647 Η
1706 2605 1745 2636 18

237 2662 418 2695 nonnullis
444 2663 515 2694 ed.:
547 2659 710 2693 nonnulli
738 2661 813 2695 GH,
845 2658 859 2703 Η
891 2661 989 2694 locis.
1026 2663 1118 2694 Item
1146 2661 1222 2693 GH.
1254 2658 1268 2702 Η
1301 2660 1490 2702 signantur
1514 2671 1574 2701 eqo
1607 2658 1743 2701 (signa-

236 2722 316 2751 rent
340 2717 516 2759 Meister):
542 2718 724 2760 signorum
752 2717 829 2748 GH.
861 2715 876 2760 Η
907 2716 1228 2760 megalographiae
1257 2715 1575 2757 Miillerrsmibiny:
1603 2715 1744 2757 megalo

237 2775 426 2817 graphiam
451 2775 493 2805 H
518 2774 596 2816 (L),
622 2773 764 2815 melago
795 2773 983 2815 graphiam
1010 2774 1037 2806 G
1064 2773 1117 2813 (lc,
1142 2773 1204 2804 sed
1229 2772 1273 2804 GC
1297 2772 1311 2803 ῖ
1336 2771 1375 2803 af
1399 2771 1561 2813 megalo,
1593 2774 1744 2812 copulam

237 2832 315 2862 add.
345 2829 466 2871 GCLG).
494 2828 509 2873 Η
542 2832 582 2863 19
607 2831 800 2862 habentes:
826 2831 874 2861 sic
902 2830 978 2862 GH.
1010 2827 1027 2872 Η
1057 2831 1099 2861 20
1123 2828 1231 2860 ulixis
1258 2828 1286 2859 G
1310 2826 1413 2868 (Lle),
1439 2827 1567 2859 ulixsis
1593 2828 1640 2859 H.
1664 2825 1679 2869 Η
1701 2828 1741 2858 21

237 2887 402 2928 pertopia
435 2887 500 2918 GH
528 2885 583 2927 (L,
609 2886 784 2929 percopia
808 2885 866 2926 lc).
896 2883 911 2927 Η
945 2887 987 2916 22
1012 2885 1110 2918 veris
1139 2894 1224 2917 rea:
1257 2882 1384 2916 v&eris
1417 2883 1457 2914 H
1485 2882 1633 2923 (veteris
1663 2883 1742 2923 Le),

237 2942 420 2974 veteribus
447 2943 483 2974 G.
