1899 3322
1540 260 1590 290 XI

139 367 302 402 buerunt
324 366 502 410 Polenus⁷
541 364 709 409 Galiani,
742 365 837 405 Fea,
861 365 1017 409 Marini,
1046 366 1274 401 Lorentzen.
1324 376 1406 401 cum
1430 367 1523 401 nihil
1545 367 1591 402 de

138 433 180 459 eo
197 423 412 469 prodiderit
434 421 589 466 Marini,
629 421 856 457 lectionibus
887 432 984 467 qaas
1008 421 1162 457 Galiani
1186 424 1334 468 passim
1367 425 1588 458 memorat-it

140 480 203 515 hic
224 481 304 515 illic
327 482 440 514 caute
463 482 561 513 utor.

58 530 141 587 {f].·
172 535 568 571 Franelceranus
604 530 904 580 (‚,veterrimus“
938 538 1031 569 teste
1072 532 1336 583 Oudendorp).
1398 538 1587 583 integrum

139 593 296 628 contulit
318 592 549 627 Frisemann
577 586 650 637 (in.·
683 590 865 637 Illagyazin
884 589 957 636 fiir
982 590 1214 637 Philoloqen.
1234 592 1307 638 Hy.
1334 604 1402 628 von
1422 593 1592 638 Ruperti

143 650 222 684 und
241 648 523 684 Schlichthorst
544 647 618 682 Bd.
645 649 676 682 2.
701 648 865 682 Bremen
893 647 989 681 1797
1005 658 1048 692 p.
1076 649 1195 681 123-
1210 646 1315 695 los).

56 761 105 797 G:
138 762 390 797 Gudianus
423 757 542 807 (nunc
574 760 658 795 bibl.
701 756 1096 806 I'Volfenhuttelensis)
1132 761 1190 802 69,
1223 771 1325 795 saec.
1353 761 1416 796 XI
1439 762 1510 807 fol.
1540 763 1589 796 54

136 828 209 864 per
225 819 335 853 binas
348 819 516 864 paqinae
535 817 732 852 columnas
751 812 867 863 (vers.
886 813 950 864 33)
966 817 1206 861 pulcerrime
1223 819 1405 862 scriptus.
1427 820 1590 853 alterum

137 877 174 910 in
199 875 326 910 eodem
350 875 534 909 volumine
552 877 688 917 postea
713 877 912 918 compacto
936 874 1102 908 codicem
1127 874 1319 908 adnexum
1341 874 1454 909 habet
1474 871 1522 919 (f.
1544 876 1590 909 56

142 927 286 978 —lIJ)
320 931 470 965 saeculi
496 929 585 964 XII
609 931 676 976 qui
708 930 907 974 Theophili
941 931 986 964 de
1016 930 1177 964 diversis
1206 930 1356 965 artibus
1387 932 1591 976 exemplar

137 989 304 1023 continet
326 987 373 1022 ab
394 987 590 1033 Lessinqio
614 987 765 1022 editum.
803 987 865 1021 hie
886 988 923 1021 in
944 987 1022 1032 fine
1044 987 1198 1021 mutilus
1216 986 1311 1032 folio
1338 988 1408 1020 115
1432 988 1589 1022 saecuto

138 1044 219 1079 ΧΓ
238 1045 382 1089 scripto
406 1047 544 1078 auctus
567 1047 633 1077 est.
690 1043 855 1078 Vitruvio
879 1046 1004 1077 (cutem
1028 1045 1093 1088 qui
1114 1044 1220 1078 titulo
1244 1043 1405 1078 carebat
1429 1055 1450 1078 a
1473 1054 1589 1078 manu

135 1111 214 1136 rec.
239 1096 359 1147 (saec.
383 1099 426 1134 X
437 1099 465 1134 V
485 1100 614 1134 eadem
637 1101 718 1135 scil.
743 1109 844 1146 quae
864 1101 1014 1134 litteras
1035 1099 1070 1134 I)
1101 1103 1136 1134 et
1162 1099 1195 1134 T
1224 1099 1384 1135 l'itruoii
1405 1104 1439 1134 et
1465 1100 1586 1134 Theo-

131 1157 230 1202 phili
256 1158 372 1191 initiis
400 1158 437 1190 in
469 1167 589 1191 vacuo
621 1153 780 1203 addidit)
813 1166 934 1201 supra
965 1158 1150 1200 scriptum
1173 1160 1228 1191 est
1250 1157 1286 1191 in
1316 1155 1348 1202 f.
1385 1157 1402 1190 1
1432 1154 1485 1194 Μ.
1518 1154 1587 1192 Vi-

135 1212 258 1249 truvii
281 1211 331 1248 de
354 1210 623 1248 architectura
644 1210 750 1249 libri.
794 1210 946 1260 Incipit
971 1210 1077 1247 liber
1101 1210 1133 1249 I.
1176 1213 1278 1247 hunc
1307 1213 1473 1247 codicem
1501 1217 1590 1247 ante

135 1280 192 1305 me
214 1270 492 1305 consuluerunt
513 1269 621 1304 Rode
651 1273 686 1304 et
716 1268 949 1313 Schneider,
981 1269 1049 1303 sed
1075 1278 1195 1314 opera
1231 1270 1442 1304 desultoria
1475 1274 1590 1315 atque

138 1326 338 1361 erroribus
359 1327 524 1360 incerta.

52 1383 106 1417 E.-
139 1382 392 1419 Gudianus
414 1383 542 1417 atter
565 1383 647 1426 132,
673 1394 755 1417 ναν.
781 1394 883 1417 man.
909 1392 985 1416 scr.
1011 1391 1113 1417 saec.
1137 1381 1260 1427 Xfol.
1286 1384 1358 1418 103
1379 1378 1495 1429 (vers.
1519 1379 1586 1429 21)

138 1441 305 1475 continet
323 1440 489 1483 primum
503 1438 535 1484 f.
559 1440 691 1473 1—43
725 1439 934 1474 Vitruvium
950 1448 1028 1484 per
1041 1442 1178 1483 partes
1201 1443 1430 1484 caecet-ptam
1453 1443 1489 1473 et
1513 1440 1589 1473 sin-

135 1497 236 1542 qzdis
266 1496 452 1540 epitomae
481 1496 662 1540 capitulis
691 1496 982 1540 interpolatum,
1014 1495 1086 1529 hoc
1117 1495 1268 1530 ordine:
1311 1505 1370 1540 ep.
1406 1497 1436 1530 1.
1466 1497 1486 1529 2
1518 1491 1592 1541 (esc

149 1552 240 1587 Vitr.
270 1551 308 1598 I)
338 1571 385 1576 —
428 1551 521 1587 Vitr.
553 1551 600 1586 II
628 1552 762 1598 praef.
789 1571 836 1576 —
861 1561 920 1597 cp.
946 1553 1040 1586 3-7
1075 1547 1143 1598 (ecc
1178 1551 1270 1587 Vitr.
1314 1550 1425 1599 VIII)
1455 1573 1502 1578 —
1529 1561 1588 1597 ep.

137 1610 258 1643 8-12.
299 1605 367 1655 (eos
408 1608 500 1643 Vitr.
532 1605 592 1657 II)
621 1627 668 1633 -—
712 1608 803 1644 Vitr.
833 1608 902 1643 III
924 1607 1057 1654 praef.
1091 1612 1126 1643 et
1155 1618 1242 1654 cap.
1268 1610 1288 1642 1
1316 1627 1361 1632 -
1400 1608 1490 1643 Vilr.
1542 1607 1597 1642 VI

133 1664 266 1710 praef.
293 1669 327 1700 et
357 1675 389 1699 c.
424 1666 454 1699 1.
490 1666 512 1698 2
536 1684 582 1689 -
608 1675 667 1710 ep.
695 1667 838 1699 13—15
862 1661 932 1710 (eos
964 1664 1056 1700 Vitr.
1092 1661 1159 1711 ΓΙ)
1189 1684 1234 1688 -
1261 1675 1320 1710 ep.
1348 1666 1492 1700 16-17
1519 1661 1589 1711 (ex

149 1722 239 1757 Vitr.
284 1719 329 1769 Γ)
358 1740 405 1745 --
439 1731 498 1766 ep.
535 1723 678 1755 78—26
711 1718 780 1768 (ω’
821 1722 912 1756 Vitr.
951 1718 1039 1767 l'II)
1068 1739 1114 1745 --
1152 1721 1243 1756 I'itr.
1288 1721 1366 1756 I'II
1390 1733 1412 1755 a
1436 1732 1469 1756 c.
1497 1723 1519 1756 O
1543 1721 1594 1756 ad

135 1779 203 1824 fin.
231 1797 277 1802 —
314 1777 405 1813 Vitr.
441 1777 541 1812 VIII
561 1772 665 1824 (esec.
691 1789 723 1812 c.
749 1779 783 1821 S,
810 1779 840 1822 J,
868 1779 973 1812 1—6.
999 1779 1033 1818 S,
1065 1780 1099 1811 5.
1128 1778 1161 1822 S,
1193 1779 1226 1821 6,
1254 1774 1388 1825 I—IO)
1413 1797 1458 1801 —
1496 1777 1589 1813 I'itr.

136 1834 201 1869 IX
221 1831 325 1880 (exc.
350 1834 383 1878 [t7
420 1835 455 1879 7,
482 1835 503 1867 2
524 1831 623 1881 sqq.)
655 1854 700 1858 —
746 1834 837 1869 I'itr.
859 1834 900 1868 Χ
920 1833 1056 1879 praef.
1092 1837 1127 1868 et
1155 1844 1187 1868 c.
1215 1835 1235 1867 1
1256 1836 1320 1873 in„
1356 1844 1389 1868 c.
1414 1835 1445 1877 (t,
1472 1845 1505 1869 c.
1530 1836 1588 1878 16,

139 1892 162 1925 2
177 1900 259 1937 sqq.
280 1909 325 1914 —
347 1894 561 1936 sequuntur
583 1894 771 1935 excerpta
795 1892 905 1925 varia
928 1890 1118 1925 Martiani
1135 1894 1221 1935 etc„
1244 1890 1442 1925 Prisciani
1462 1891 1507 1925 de
1524 1892 1589 1937 fiq.

138 1958 251 1991 num.‚
276 1947 441 1982 eiusdem
460 1948 692 1991 partitiones
713 1946 799 1981 XII
826 1957 924 1982 vers.
950 1946 1106 1981 Aeneid.
1140 1948 1429 1992 principalium,
1453 1947 1491 1982 in
1513 1949 1589 1993 fine

137 2004 387 2050 ortoqraphia
432 2003 578 2039 Bedae.
618 2023 661 2028 —-
696 2005 733 2038 in
769 2005 944 2050 marqine
983 2002 1174 2048 inferiore
1200 2003 1271 2049 fol.
1316 1999 1374 2038 Πὸ
1405 2004 1591 2038 membra-

138 2070 212 2095 nae
241 2061 339 2105 stylo
379 2061 571 2105 impressa
604 2061 670 2095 vix
708 2060 983 2095 discernuntur
1014 2059 1129 2095 verba
1170 2059 1289 2094 haec.-
1323 2058 1589 2096 Sebastianus

140 2114 313 2152 dicultor
352 2112 431 2162 (dei
460 2117 597 2151 cultor.
640 2116 694 2162 cf.
726 2126 849 2162 supra
882 2117 927 2151 de
950 2113 1011 2163 L).
1048 2135 1093 2140 —
1127 2119 1289 2162 uterque
1323 2117 1522 2152 Gudianus
1550 2119 1587 2152 in

139 2173 344 2209 Germania
368 2175 539 2218 scriptus
556 2172 647 2218 fuit.
671 2175 771 2208 sicut
793 2173 944 2208 codices
973 2172 1133 2207 Vitrurii
1145 2174 1321 2219 plerique
1345 2183 1484 2208 omnes.
1519 2183 1590 2208 nec

139 2231 273 2265 mirum
296 2233 364 2264 est.
415 2241 502 2264 nam
526 2229 573 2264 ab
595 2231 750 2264 interitu
773 2234 967 2265 servatum
1001 2229 1163 2264 J'itruz‘ii
1193 2240 1288 2275 opus
1311 2229 1502 2265 Einharto
1524 2231 1587 2264 de-

140 2286 268 2321 bemus
291 2290 326 2321 et
349 2284 486 2320 Carolo
508 2284 664 2332 Maqno.

58 2398 235 2434 Codicum
260 2398 289 2433 G
321 2402 356 2433 et
378 2398 420 2433 H
437 2399 620 2434 lectiones
653 2395 831 2446 (praeter
852 2395 1193 2446 orthoqraplu‘cas)
1221 2399 1349 2444 affero
1373 2407 1510 2441 omnes,
1536 2399 1589 2433 ita

140 2455 287 2501 quidem
309 2458 349 2490 ut
375 2454 504 2498 „Glffl
529 2455 624 2490 idem
655 2457 701 2490 sit
731 2466 778 2489 ac
808 2457 988 2500 „codices
1011 2456 1177 2499 omnes“‚
1205 2457 1438 2501 reliquorum
1463 2458 1590 2489 autem

141 2511 310 2546 codicum
333 2513 399 2557 qui
416 2512 584 2555 pendent
601 2512 648 2547 ab
667 2511 708 2546 H
725 2512 777 2547 ibi
799 2516 945 2547 tantum
967 2513 1025 2546 ret
1048 2522 1260 2547 consensus
1282 2513 1338 2546 vet
1360 2511 1587 2555 discrepan—

140 2569 192 2602 tia
221 2571 374 2602 notetur
403 2568 467 2602 ubi
494 2568 681 2614 differant
715 2567 744 2603 G
774 2573 809 2603 et
831 2568 889 2613 H,
923 2569 946 2604 h
976 2569 1137 2614 denique
1166 2580 1240 2603 non
1273 2571 1590 2603 commemoretur

140 2625 286 2659 omnino
307 2625 383 2659 nisi
403 2624 469 2659 ubi
490 2624 716 2660 dissentiant
737 2626 748 2659 l
773 2628 808 2659 et
830 2635 862 2660 c.
908 2625 1050 2660 codicis
1081 2629 1195 2660 notae
1226 2627 1259 2659 si
1288 2624 1443 2659 additur
1474 2633 1493 2657 c
1523 2625 1588 2658 mi-

141 2683 290 2723 nutum,
326 2684 463 2716 vetus
492 2684 792 2716 correctura
823 2683 1066 2728 siqnificatur
1103 2677 1197 2727 (sitve
1234 2683 1354 2726 ipsius
1385 2681 1590 2724 scriptoris

142 2736 242 2783 quod
267 2747 402 2771 rarum
429 2740 485 2771 est
507 2738 585 2773 sive
607 2739 844 2773 correctoris
864 2734 1041 2785 antiqui).
1102 2739 1266 2772 virorum
1290 2737 1486 2771 doctorum
1511 2736 1587 2771 edi-

141 2797 339 2839 torumque
357 2795 604 2828 coniecturas
623 2790 692 2840 (ex
707 2793 867 2829 Marinii
884 2795 1026 2839 partim
1048 2790 1247 2840 thesauro)
1269 2802 1336 2827 cas
1359 2797 1503 2828 tantum
1523 2803 1588 2828 no-

140 2850 307 2884 minatim
329 2850 456 2895 affero
479 2860 576 2895 quas
606 2860 794 2886 consensu
817 2860 896 2886 mco
916 2851 1174 2895 probaverim.
1218 2849 1353 2895 quilius
1383 2851 1415 2883 si
1436 2849 1589 2895 quando

141 2907 249 2940 uncis
265 2907 453 2940 inclusum
475 2906 644 2941 addatur
658 2908 805 2951 „rec.“,
826 2907 982 2941 eandem
1005 2908 1078 2941 iam
1097 2906 1397 2940 emendationem
1416 2906 1588 2940 codicum

141 2963 349 2996 recentium
374 2958 704 3008 (Marimcmorum
728 2964 785 2998 rel
806 2963 963 2998 Mi'clleri
980 2958 1300 3009 Londiniensium)
1321 2961 1447 3007 fuisse
1470 2964 1586 2997 scias.
