1909 3322
215 254 269 293 22
864 255 1074 285 VITRUVH

213 372 355 406 autem
399 362 581 404 turrium
626 361 686 400 ita
725 364 824 400 sunt
866 357 1066 398 facienda
1101 362 1149 398 ut
1186 371 1239 397 ne
1278 355 1447 410 longius
1479 355 1536 396 sit
1566 353 1651 395 alia
1680 354 1735 395 ab

214 431 299 473 alia
335 431 518 485 sagittae
556 427 780 480 missione,
818 426 883 467 uti
921 426 958 466 si
990 440 1073 481 qua
1104 429 1398 481 oppugnetur,
1430 429 1522 464 tum
1552 437 1577 463 a
1606 423 1736 474 turriff

215 500 294 539 bus
334 511 442 553 quae
481 501 606 536 erunt
644 494 799 536 dextra
837 508 887 534 ae
926 494 1102 534 sinistra
1141 490 1439 548 scorpionibus
1470 489 1736 546 reliquisque

214 565 395 606 telorum
424 562 705 604 missionibus
737 562 881 604 hostes
912 561 1159 602 reiciantur.
1233 559 1449 614 etiamque
1485 564 1633 599 contra
1671 559 1734 599 in-

170 647 188 675 5
214 633 368 674 teriora
390 632 574 672 turrium
605 629 869 671 dividendus
903 635 967 670 est
996 643 1144 669 murus
1176 625 1417 668 intervallis
1449 632 1538 667 tam
1567 626 1735 681 magnis

216 714 340 756 quam
372 705 497 740 erunt
527 705 693 752 turres,
725 703 774 738 ut
804 697 961 739 itinera
993 697 1078 737 sint
1108 694 1386 736 interioribus
1419 693 1615 751 partibus
1646 700 1735 735 tur-

214 768 323 807 rium
364 767 632 821 contignata,
665 780 805 822 neque
838 780 887 805 ea
916 764 1030 805 ferro
1061 763 1178 804 fixa..
1224 762 1362 804 hostis
1395 763 1509 803 enim
1540 762 1577 802 si
1610 776 1737 817 quam

215 840 380 890 partem
416 835 528 874 muri
568 835 867 890 occupaverit,
910 833 984 888 qui
1015 830 1321 888 repugnabunt
1351 829 1598 872 rescindent
1630 835 1670 870 et
1703 829 1739 870 si

217 901 413 942 celeriter
433 901 853 954 administraverint7
885 915 971 941 non
1002 900 1220 956 patientur
1251 897 1439 954 reliquas
1471 904 1616 954 partes
1648 903 1737 938 tur-

150 982 189 1012 10
214 970 327 1010 rium
348 969 545 1024 murique
566 968 733 1010 hostem
754 975 1001 1024 penetrare,
1033 968 1119 1008 nisi
1141 981 1186 1008 se
1217 965 1404 1007 voluerit
1434 965 1736 1022 praecipitare.

216 1044 353 1077 turres
384 1037 530 1091 itaque
560 1035 769 1077 rotundae
800 1043 873 1077 aut
904 1035 1163 1092 polygoniae
1204 1040 1305 1075 sunt
1335 1033 1572 1075 faciendae.
1635 1047 1736 1089 qua-

216 1103 360 1144 dratas
393 1105 507 1144 enim
536 1103 760 1144 machinae
791 1103 970 1144 celerius
1003 1102 1238 1158 dissipant,
1272 1101 1387 1157 quod
1417 1100 1598 1157 angulos
1629 1102 1736 1142 arie-

216 1178 280 1212 tes
312 1170 531 1212 tundendo
563 1171 791 1226 frangunt,
824 1172 869 1211 in
899 1169 1279 1212 rotundationibus
1300 1164 1454 1219 *autem
1486 1170 1550 1210 uti
1582 1184 1738 1210 euneos

216 1238 271 1279 ad
302 1245 493 1279 centrum
524 1238 741 1293 adigendo
772 1238 943 1279 laedere
974 1253 1059 1279 non
1089 1243 1282 1293 possunt.
1342 1238 1446 1278 item
1475 1237 1738 1278 munitiones

152 1320 191 1349 15
218 1307 327 1347 muri
348 1307 617 1362 turriumque
646 1306 878 1361 aggeribus
910 1307 1164 1347 coniunctae
1193 1305 1382 1345 maxime
1414 1312 1513 1346 sunt
1543 1305 1737 1358 tutiores,

219 1374 332 1429 quod
362 1388 500 1428 neque
530 1375 685 1415 arietes
717 1389 854 1430 neque
887 1373 1164 1415 suffossiones
1194 1387 1334 1428 neque
1372 1372 1597 1414 machinae
1629 1378 1737 1414 cete-

218 1455 290 1481 rae
312 1441 372 1481 eis
403 1439 548 1482 valent
578 1456 745 1483 nocere.
806 1441 881 1482 sed
913 1456 997 1481 non
1028 1442 1073 1482 in
1104 1440 1303 1482 omnibus
1335 1439 1441 1482 locis
1474 1446 1539 1481 est
1568 1441 1738 1495 aggeris

219 1508 328 1549 ratio
367 1507 567 1549 facienda
605 1509 689 1550 nisi
729 1509 886 1565 quibus
926 1514 1047 1549 extra
1086 1523 1253 1549 murum
1287 1523 1341 1548 ex
1371 1507 1457 1549 alto
1488 1507 1579 1549 loco
1610 1507 1738 1564 plano

220 1575 328 1631 pede
349 1590 547 1616 accessus
572 1575 703 1617 fuerit
724 1577 779 1617 ad
810 1577 979 1617 moenia
1010 1575 1314 1631 oppugnanda.
1375 1577 1520 1631 itaque
1550 1576 1596 1616 in
1627 1577 1737 1617 eius-

152 1656 194 1685 20
219 1642 335 1683 modi
357 1643 461 1683 locis
483 1644 668 1699 primum
690 1644 831 1685 fossae
854 1650 952 1685 sunt
983 1643 1207 1684 faciendae
1238 1642 1539 1692 latitudinibus
1572 1650 1613 1684 et
1642 1642 1737 1684 alti-

219 1709 444 1750 tudinibus
485 1726 611 1766 quam
647 1711 942 1767 amplissimis,
976 1710 1133 1751 deinde
1164 1710 1491 1752 fundamentum
1523 1712 1635 1751 muri
1667 1710 1737 1751 dc-

220 1777 489 1832 primendum
513 1784 576 1818 est
606 1779 719 1819 intra
749 1777 920 1819 alveum
952 1778 1094 1819 fossae
1126 1784 1166 1819 et
1196 1778 1242 1818 id
1274 1778 1561 1819 extruendum
1594 1785 1659 1820 est
1691 1794 1739 1820 ca

219 1843 505 1885 crassitudine
542 1853 590 1886 ut
628 1861 734 1901 opus
772 1853 991 1887 terrenum
1031 1845 1158 1886 facile
1196 1847 1474 1887 sustineatur.
1542 1847 1643 1888 item
1675 1848 1737 1887 in-

218 1913 374 1952 teriore
420 1920 541 1967 parte
582 1914 916 1955 substructionis
955 1913 1283 1954 fundamentum
1321 1914 1487 1955 distans
1524 1913 1579 1955 ab
1620 1921 1737 1955 exte-

152 1991 194 2021 Ξῖ)
220 1980 330 2019 riore
361 1979 572 2020 introrsus
603 1980 743 2036 amplo
784 1982 922 2036 spatio
961 1982 1022 2021 ita
1052 1981 1116 2021 uti
1148 1981 1342 2022 cohortes
1383 1982 1550 2037 possint
1591 1996 1736 2037 quem-

219 2046 450 2086 admodum
490 2048 534 2086 in
571 2048 663 2087 acie
707 2049 943 2089 instructae
981 2048 1036 2088 ad
1076 2047 1397 2089 defendendum
1430 2063 1560 2105 supra
1591 2048 1736 2090 latitu—

221 2112 364 2153 dinem
387 2115 558 2167 aggeris
581 2116 829 2156 consistere.
891 2130 986 2155 cum
1008 2122 1151 2157 autem
1173 2116 1454 2157 fundamenta
1483 2118 1545 2157 ita
1576 2116 1737 2158 distan-

220 2181 280 2221 tia
311 2181 422 2221 inter
453 2196 497 2221 se
528 2181 689 2223 fuerint
718 2184 973 2236 constituta,
1006 2190 1108 2224 tunc
1138 2185 1251 2225 inter
1282 2198 1331 2224 ea
1361 2184 1445 2225 alia
1474 2191 1737 2238 transversa,

221 2249 446 2289 coniuncta
484 2250 687 2291 exteriori
725 2257 766 2290 et
803 2251 997 2291 interiori
1027 2251 1330 2305 fundamento,
1369 2253 1620 2308 pectinatim
1652 2252 1738 2294 dis-

154 2328 196 2357 :JO
221 2315 374 2372 posita,
408 2316 768 2370 quemadmodum
800 2332 941 2358 serrae
972 2317 1121 2359 dentes
1155 2318 1293 2361 solent
1325 2334 1418 2361 esse
1449 2319 1738 2361 conlocentur.

224 2397 318 2421 cum
341 2383 454 2422 enim
477 2384 537 2424 sic
570 2385 650 2424 erit
680 2383 865 2437 factum7
898 2392 1000 2425 tunc
1031 2386 1091 2427 ita
1123 2387 1264 2427 oneris
1295 2388 1456 2427 terreni
1487 2387 1738 2441 magnitudo

313 2554 332 2583 2
359 2553 518 2594 sagittae
546 2554 718 2586 missione
745 2554 844 2586 Sclm.
872 2553 957 2596 (cam
980 2558 1005 2596 f,
1034 2557 1226 2588 emissione
1252 2557 1342 2600 ecl.):
1370 2559 1509 2599 sagitta
1534 2559 1738 2591 emissionis

227 2610 252 2636 (i
278 2608 357 2648 (ele),
384 2608 757 2650 sagittafflmissfflnis
784 2612 819 2641 H
851 2610 1025 2653 (sagittae
1056 2613 1240 2645 missionis
1267 2614 1308 2654 L,
1341 2615 1692 2656 sagittaemissiones
1718 2617 1737 2652 l,

244 2664 324 2694 4115
350 2664 403 2705 lc).
436 2662 451 2706 Η
483 2667 502 2696 3
529 2675 572 2696 ae
598 2667 676 2698 add.
701 2667 774 2698 vloc.
811 2666 953 2705 (dextra
981 2670 1129 2701 sinistra
1157 2670 1237 2708 (ill,
1269 2675 1304 2701 ut
1334 2670 1496 2711 saepius).
1529 2669 1542 2712 Η
1579 2672 1600 2702 4
1625 2670 1738 2702 hostis

225 2725 303 2750 (nile
320 2731 408 2751 corr.
428 2721 474 2754 ll.
492 2718 506 2762 Η
525 2721 698 2753 interiora
718 2722 827 2753 Mars
847 2723 1038 2756 inferiores
1059 2726 1124 2756 Gl]
1151 2723 1166 2768 Η
1197 2728 1236 2758 10
1254 2726 1435 2758 voluerint
1453 2731 1530 2758 {mle
1547 2737 1638 2758 corr.
1659 2727 1698 2757 L.
1722 2725 1736 2767 Ι

230 2776 263 2804 ll
283 2775 514 2817 polygouiae:
543 2787 658 2808 -—nea
674 2778 748 2809 (ill.
767 2775 782 2817 Η
799 2778 987 2818 quadratis
1002 2783 1040 2815 le.
1072 2778 1086 2823 Η
1121 2783 1160 2813 13
1181 2792 1313 2814 cuneos
1330 2783 1372 2814 G:
1402 2792 1535 2814 cuneus
1553 2783 1589 2814 H
1605 2781 1697 2823 (Llc)

230 2831 267 2859 14
295 2831 473 2872 adigendo
500 2830 748 2875 Ls.1]lede1·te
777 2836 814 2864 (ι’.
843 2832 857 2876 Η
891 2836 930 2866 16
948 2836 1180 2869 suffossiones
1201 2839 1246 2875 ll⁷
1272 2838 1477 2870 —fosiones
1505 2840 1531 2870 G
1557 2839 1612 2878 (L,
1638 2838 1736 2870 —fo-

229 2885 352 2917 niones
371 2893 447 2919 [mee
465 2899 554 2920 corr.
574 2888 613 2930 l).
637 2888 650 2931 Η
676 2891 716 2921 19
734 2891 873 2921 moenia
892 2890 926 2930 (l,
946 2893 1062 2934 menia
1082 2894 1152 2933 ele):
1173 2895 1296 2925 munia
1316 2894 1381 2926 GH
1399 2894 1470 2936 (L).
1496 2892 1509 2936 Η
1532 2896 1574 2925 22
1593 2897 1736 2926 estante

230 2951 272 2971 ea
291 2953 349 2972 om.
369 2945 405 2973 (i.
430 2941 444 2984 Η
467 2947 508 2975 33¹)
536 2944 696 2976 solentes
723 2956 759 2977 se
787 2947 813 2976 (ι’
833 2944 964 2986 (solent
990 2959 1070 2980 esse
1100 2950 1218 2991 Plzil‚):
1246 2950 1427 2983 soluentes
1454 2961 1490 2982 se
1512 2951 1546 2982 H
1566 2950 1626 2991 (Ge
1644 2951 1734 2992 Llc).
