1909 3322
403 454 422 487 1
446 455 502 486 De
527 455 720 498 principiis
745 457 833 489 artis
860 457 1184 491 architectonicae.

380 512 416 543 II
440 512 496 543 De
521 512 652 546 ventis.

362 567 418 599 III
442 568 498 599 De
525 578 641 609 aquae
665 569 889 602 inventione.

363 623 413 655 IV
438 624 494 655 De
519 627 705 665 puteorum
731 627 955 659 fossionibus
983 629 1018 658 et
1043 627 1248 659 structuris.

384 680 415 710 V
441 681 495 712 De
521 681 685 714 utilitate
712 693 828 724 aquae
854 683 1055 725 probanda.

362 736 412 768 VI
437 737 492 768 De
518 746 638 778 aquae
664 738 885 773 inductione.

347 793 415 824 VII
439 793 494 824 De
521 794 698 826 mensuris
723 797 757 825 et
782 795 940 836 pondere
965 795 1176 827 fistularum.

329 849 418 881 VIII
442 850 496 881 De
522 849 683 882 harenae
709 854 851 882 natura.

360 905 412 936 IX
436 905 492 937 De
518 905 632 938 calcis
658 906 821 938 utilitate
847 907 1047 948 probanda.

382 961 415 992 X
439 962 494 993 De
520 961 698 993 lateribus
724 962 914 995 faciendis.

360 1017 413 1049 XI
439 1017 489 1049 De
516 1018 721 1060 parietibus
746 1018 928 1051 latericiis
954 1021 1109 1052 tectorio
1135 1021 1235 1063 operi
1261 1022 1445 1064 parandis.

345 1074 416 1106 XII
440 1075 495 1105 De
521 1075 716 1116 generibus
743 1075 909 1107 arborum
934 1080 968 1108 et
992 1077 1154 1110 utilitate
1181 1078 1372 1110 eaesionis.

323 1130 413 1161 XIII
438 1130 494 1161 De
521 1130 663 1162 fabrica
688 1131 800 1163 villae
825 1133 986 1165 rusticae
1013 1133 1248 1175 disponenda.

331 1186 416 1217 XIV
440 1187 496 1218 De
524 1186 766 1229 dispositione
793 1189 913 1230 operis
937 1190 1080 1221 urbani.

348 1243 414 1275 XV
439 1244 494 1274 De
522 1245 699 1275 mensuris
725 1244 982 1282 aedificiorum,

330 1300 418 1332 XVI
441 1300 497 1331 De
523 1299 668 1331 fabrica
693 1299 918 1334 balnearum.

307 1356 411 1388 XVII
436 1356 491 1387 De
517 1356 670 1387 cameris
694 1356 921 1389 balnearum.

291 1413 414 1445 XVIII
439 1413 494 1443 De
519 1412 804 1454 expolitionibus
829 1414 1128 1455 pavimentorum.

328 1470 413 1500 XIX
438 1469 494 1500 De
519 1470 739 1510 pavimentis
764 1479 873 1511 super
899 1472 1196 1510 contignationes
1222 1472 1413 1507 faciendis,

349 1526 416 1557 XX
441 1526 496 1556 De
523 1524 624 1556 calce
650 1526 840 1567 probanda
865 1528 967 1568 operi
994 1528 1144 1561 albario.

330 1582 416 1613 XXI
440 1582 496 1612 De
524 1582 677 1613 cameris
703 1582 894 1617 canniciis,

311 1638 417 1669 XXII
442 1639 497 1669 De
522 1637 761 1679 politionibus
787 1640 966 1680 parietum
994 1640 1321 1673 caementiciorum.

287 1695 412 1726 XXIII
437 1696 491 1726 De
518 1704 625 1735 opere
652 1695 852 1727 coronario.

291 1751 410 1782 XXIV
435 1751 489 1782 De
516 1751 717 1792 parietibus
744 1752 994 1784 caementiciis
1020 1752 1176 1785 humidis
1201 1753 1292 1785 Iocis
1317 1754 1531 1786 solidandis.

313 1807 413 1839 XXV
439 1807 619 1839 Triclinia
643 1807 796 1839 hiberna
821 1808 1018 1840 minoribus
1043 1809 1196 1850 picturis
1222 1819 1302 1842 esse
1328 1811 1504 1844 ornanda.

291 1864 411 1896 XXVI
436 1865 655 1896 Pavimenta
679 1866 719 1894 ut
743 1863 781 1894 in
806 1864 924 1896 hieme
949 1868 1111 1906 tepeant.

273 1920 413 1953 XXVII
437 1921 492 1951 De
519 1921 715 1962 generibus
742 1920 911 1954 colorum.

252 1976 413 2009 XXVIII
438 1976 494 2007 De
520 1986 667 2008 normae
694 1977 918 2008 inventione.

289 2032 411 2063 XXIX
436 2032 491 2063 De
517 2032 695 2073 horologii
719 2033 958 2064 institutione.

312 2087 414 2119 XXX
440 2088 495 2119 De
521 2088 642 2119 maltis
669 2087 834 2120 diversis.

726 2168 804 2199 0012.
836 2167 1027 2220 Valentiam.
1075 2181 1120 2195 Ξ
1143 2180 1171 2200 υ.

725 2224 804 2255 Cocl.
831 2224 1033 2255 Piclmeanus
1070 2237 1115 2251 z
1138 2236 1171 2266 p.

723 2279 803 2311 Cod.
830 2280 999 2311 Gudianus
1072 2293 1116 2307 Ξ
1138 2291 1169 2322 y.

348 2358 473 2390 Titulus
496 2359 563 2391 sie:
600 2358 735 2399 Incipit
760 2358 801 2390 de
829 2359 982 2390 diversis
1009 2359 1160 2390 fabricis
1187 2359 1472 2402 architectonice
1494 2372 1532 2402 p.
1581 2362 1768 2404 Incipiunt

255 2414 418 2456 capitula
449 2415 538 2445 artis
571 2414 856 2446 architectonice
889 2415 932 2446 dc
966 2415 1120 2447 diversis
1145 2414 1305 2457 lfabricis
1340 2427 1368 2448 v.
1399 2418 1471 2448 sine
1500 2418 1552 2449 tit.
1580 2418 1607 2449 G
1631 2418 1762 2459 (adser.

251 2474 294 2503 al.
319 2483 359 2504 m.
407 2471 595 2512 Incipiunt
620 2470 809 2511 capitula).
859 2482 1011 2503 numeros
1035 2473 1253 2512 capitulorum
1276 2472 1398 2503 habent
1421 2483 1472 2513 vp,
1499 2484 1558 2505 om.
1584 2485 1617 2515 9.

342 2551 362 2581 5
391 2549 575 2591 probande
604 2559 650 2591 pq
682 2548 772 2589 (item
802 2550 896 2589 infra
926 2551 959 2581 in
984 2555 1079 2581 teaetn
1100 2549 1152 2591 p).
1184 2547 1199 2592 Η
1239 2551 1279 2582 13
1311 2551 1575 2592 quodponenda
1605 2553 1638 2583 in
1667 2557 1764 2584 teaelzc

249 2617 289 2646 p.
318 2602 333 2647 ΙΙ
367 2606 408 2636 18
434 2605 720 2647 expolitionibus
744 2606 905 2638 Polemzs:
939 2606 1228 2647 expositionibus
1253 2617 1317 2648 vpg]
1343 2607 1432 2646 (item
1456 2609 1489 2638 in
1513 2607 1637 2649 textu).
1669 2605 1684 2650 Η
1724 2610 1763 2639 19

252 2672 362 2702 supra
387 2659 485 2702 (con-
513 2663 593 2693 add.
618 2660 894 2703 v⁶)tignati011es
920 2674 946 2694 υ.
979 2660 993 2704 Η
1031 2664 1070 2693 21
1099 2662 1253 2694 camaris
1275 2673 1310 2703 p.
1342 2660 1356 2704 ΙΙ
1394 2664 1436 2694 24
1466 2663 1659 2694 solidantis
1683 2674 1716 2704 p.
1746 2661 1761 2704 [Ι

253 2719 295 2749 30
319 2717 442 2749 maltis
465 2728 541 2759 vpy.
