1909 3322
109 948 148 978 10

109 1283 150 1314 15

108 1619 150 1648 20

175 223 253 264 124
819 229 1028 258 virizuvn

172 335 348 387 dentur,
386 347 472 373 non
503 338 604 387 puto
635 331 816 371 dubium
847 345 938 371 esse
976 329 1080 386 quin
1111 329 1397 385 amplissimas
1431 336 1471 369 et
1502 330 1680 369 ornatis-

172 403 301 443 simas
332 400 412 440 sub
445 399 519 440 diu
542 398 892 455 hypaethrasque
913 396 1126 439 conlocari
1147 402 1342 451 oporteat
1362 397 1407 436 in
1429 396 1680 436 civitatibus

172 467 500 509 ambulationes.
562 481 636 507 eae
666 472 807 507 autem
838 466 903 506 uti
934 465 1021 505 sint
1058 478 1226 518 semper
1264 463 1402 503 siccae
1433 469 1474 503 et
1504 478 1588 503 non
1618 462 1680 502 lu-
1707 472 1724 501 7

173 543 311 588 tosae,
350 535 412 574 sic
449 534 529 574 erit
565 532 824 574 faciendum.
884 531 1104 573 fodiantur
1142 536 1183 570 et
1221 531 1525 570 exinaniantur
1555 544 1682 585 quam

172 602 394 643 altissime.
455 600 610 641 dextra
648 607 778 656 atque
816 600 991 640 sinistra
1030 597 1246 638 structiles
1286 597 1455 638 cloacae
1485 597 1590 637 fiant
1620 597 1682 637 in-

173 685 255 726 que
301 684 447 710 earum
491 668 727 725 parietibus
778 668 851 722 qui
894 666 949 706 ad
994 664 1331 706 ambulationem
1379 664 1683 720 spectaverint,

172 736 313 778 tubuli
343 737 611 777 instruantur
641 734 837 776 inclinati
866 733 1041 787 fastigio
1072 733 1118 772 in
1148 731 1326 773 cloacas.
1386 731 1450 772 his
1482 732 1684 787 perfectis

173 803 468 861 compleantur
509 817 559 843 ca
599 802 692 843 loca
729 800 1008 853 carbonibus,
1061 791 1220 840 deinde
1266 800 1442 855 insuper
1479 797 1685 838 sabulone

174 887 248 913 eae
293 871 605 912 ambulationes
650 875 896 911 sternantur
940 874 981 908 et
1026 872 1333 922 exaequentur.
1408 867 1467 907 ita
1513 872 1698 921 propter

174 939 408 981 carbonum
447 939 668 978 raritatem
703 935 944 977 naturalem
984 941 1026 976 et
1063 934 1312 975 tubulorum
1349 934 1393 974 in
1424 932 1590 974 cloacas
1621 933 1684 972 in-

173 1007 451 1048 structionem
482 1005 752 1060 excipientur
790 1018 994 1058 aquarum
1033 1001 1346 1054 abundantiae,
1386 1007 1426 1041 et
1457 1001 1517 1041 ita
1547 1001 1685 1040 siccae

173 1081 215 1115 et
246 1075 338 1115 sine
369 1087 513 1114 umore
544 1072 759 1128 perfectae
791 1070 951 1111 fuerint
980 1069 1307 1110 ambulationes.
1553 1078 1567 1098 ¹·

284 1141 513 1181 Praeterea
549 1140 594 1180 in
630 1139 698 1179 his
737 1137 937 1193 operibus
978 1137 1170 1178 thesauri
1214 1142 1313 1177 sunt
1351 1134 1603 1176 civitatibus
1641 1134 1686 1173 in

174 1208 426 1248 necessariis
464 1206 590 1247 rebus
629 1220 654 1246 a
683 1205 918 1246 maioribus
957 1205 1193 1245 constituti.
1255 1204 1299 1243 in
1337 1201 1684 1243 conclusionibus

176 1276 288 1316 enim
318 1274 474 1330 reliqui
506 1287 650 1314 omnes
682 1272 896 1313 faciliores
929 1278 1027 1313 sunt
1047 1278 1278 1327 apparatus
1308 1285 1436 1325 qua-m
1457 1268 1684 1323 lignorum.

175 1342 238 1384 sal
269 1343 382 1382 enim
412 1341 539 1382 facile
570 1347 668 1381 ante
699 1341 962 1395 inportatur,
1002 1339 1216 1380 frumenta
1253 1336 1424 1393 publice
1462 1337 1684 1392 privatim-

176 1425 257 1466 que
289 1409 535 1465 expeditius
575 1414 863 1462 congeruntur
895 1413 935 1447 et
967 1407 1003 1446 si
1034 1405 1158 1459 defit,
1199 1404 1416 1445 holeribus
1455 1418 1581 1444 carne
1612 1417 1687 1444 seu

175 1476 466 1532 leguminibus
498 1474 759 1526 defenditur,
792 1488 927 1530 aquae
957 1473 1136 1514 fossuris
1168 1479 1394 1528 puteorum
1425 1478 1467 1512 et
1496 1470 1548 1511 de
1570 1469 1686 1510 caelo

173 1544 407 1600 repentinis
455 1542 783 1598 tempestatibus
823 1557 877 1582 ex
914 1540 1071 1595 tegulis
1111 1540 1398 1595 excipiuntur.
1459 1538 1512 1579 de
1550 1537 1685 1592 ligna-

175 1614 290 1653 tione
321 1626 430 1667 quae
460 1611 648 1650 maxime
678 1610 921 1649 necessaria
952 1614 1016 1648 est
1046 1608 1101 1647 ad
1123 1607 1267 1647 cibum
1289 1605 1571 1662 coquendum,
1605 1604 1685 1644 dif-

174 1678 300 1720 ficilis
339 1684 380 1719 et
417 1676 596 1717 molesta
634 1683 699 1717 cst
737 1676 981 1732 apparatio,
1024 1674 1138 1730 quod
1171 1682 1212 1714 ct
1243 1674 1366 1714 tarde
1398 1678 1688 1728 comportatur

176 1753 217 1786 et
248 1744 343 1801 plus
375 1745 654 1785 consumitur.
714 1745 759 1784 in
796 1742 1007 1783 eiusmodi
1045 1741 1307 1797 temporibus
1346 1747 1447 1781 tunc
1486 1753 1559 1780 eae
1598 1754 1685 1779 am—
1713 1772 1724 1780 .

175 1812 417 1854 bulationes
449 1811 699 1867 aperiuntur
730 1817 770 1851 et
801 1824 1024 1850 mensurae
1053 1809 1248 1850 tributim
1270 1806 1450 1862 singulis
1473 1806 1685 1862 capitibus

177 1881 471 1933 designantur.
522 1879 582 1918 ita
613 1878 718 1918 duas
749 1892 816 1918 res
850 1877 1046 1931 egregias
1078 1875 1342 1931 hypaethroe
1373 1873 1686 1914 ambulationes

177 1952 410 2004 praestant,
442 1959 571 1985 unam
601 1946 646 1985 in
674 1959 778 2000 pace
807 1944 1088 1996 salubritatis,
1121 1942 1299 1983 alteram
1320 1943 1364 1982 in
1386 1940 1498 1981 bello
1520 1940 1685 1981 salutis.

179 2029 279 2068 ergo
330 2013 396 2053 his
445 2011 683 2053 rationibus
740 2011 1079 2052 ambulationum
1130 2009 1437 2065 explicationes
1486 2023 1570 2048 non
1622 2022 1685 2047 so-

178 2081 267 2121 lum
297 2086 394 2136 post
425 2094 621 2120 scaenam
653 2079 809 2119 theatri
841 2078 915 2118 scd
947 2079 1075 2118 ctiam
1097 2078 1285 2117 omnium
1314 2075 1490 2115 deorum
1512 2074 1683 2130 templis

179 2148 353 2189 effectae
382 2161 559 2201 magnas
592 2145 841 2186 civitatibus
873 2151 1090 2200 praestare
1121 2149 1319 2199 poterunt
1351 2141 1573 2182 utilitates.

291 2214 505 2266 Quoniam
537 2213 641 2253 haec
671 2212 793 2252 nobis
826 2213 929 2253 satis
962 2211 1164 2251 videntur
1196 2225 1286 2250 esse
1318 2210 1534 2265 exposita,
1575 2224 1686 2248 nunc

180 2285 457 2338 insequentur
487 2280 754 2321 balinearum
785 2280 1114 2335 dispositionum
1145 2277 1543 2319 demonstrationes.
1602 2276 1687 2330 pri-

218 2362 246 2363 ⁷⁷
269 2388 287 2416 ⁶2
315 2384 442 2417 subdiu
470 2383 535 2415 GIl
567 2382 648 2423 (leh,
676 2383 739 2413 sub
767 2382 848 2414 divo
880 2382 975 2420 less).
1008 2379 1022 2423 Η
1055 2383 1074 2413 3
1100 2392 1165 2413 eae
1200 2380 1255 2421 (ce
1283 2381 1321 2418 G,
1348 2391 1388 2421 ee
1417 2378 1474 2418 GC)
1504 2379 1568 2410 GH
1603 2378 1686 2417 (hae

183 2455 228 2493 L,
255 2453 297 2495 he
322 2450 379 2493 lc).
410 2448 425 2493 {l
462 2444 580 2495 luto}e
614 2450 666 2481 GC.
698 2446 713 2491 Η
745 2451 764 2480 5
792 2453 898 2490 atque
926 2450 991 2481 Gli
1022 2448 1083 2488 (L,
1123 2459 1164 2479 ac
1196 2446 1252 2487 lc).
1289 2444 1304 2488 Η
1342 2448 1360 2478 7
1388 2446 1534 2477 cloacas
1567 2444 1684 2476 Sclzn.:

182 2509 316 2540 cloacis
344 2508 419 2539 GH.
449 2504 463 2548 Η
491 2508 510 2538 8
535 2505 708 2538 sabulone
741 2516 804 2536 eac
832 2506 871 2535 ll
899 2504 1137 2544 (sabuloneae
1163 2503 1208 2540 L,
1236 2502 1362 2534 sabulo
1379 2502 1492 2542 ,nehe
1523 2502 1572 2532 sie
1603 2499 1685 2538 lem:

181 2564 357 2596 sabulone
387 2563 432 2604 h‘}
468 2563 504 2594 G.
540 2559 554 2603 Η
595 2563 634 2593 13
666 2561 853 2592 thensauri
887 2562 951 2592 Gll
983 2558 1160 2601 (thesauri
1191 2558 1276 2598 Ille).
1313 2556 1327 2599 l}
1364 2559 1403 2588 14
1436 2568 1457 2587 a
1490 2556 1685 2587 maioribus

181 2633 232 2663 ed.
264 2629 379 2671 (rec.):
419 2629 599 2661 amoribus
632 2628 708 2660 (ill.
741 2626 754 2668 Η
792 2630 828 2658 17
863 2619 1102 2668 congerentur
1128 2626 1190 2657 [Ic.
1222 2623 1236 2665 Η
1269 2625 1298 2656 si
1324 2624 1409 2655 defit
1436 2622 1521 2664 (fide
1548 2622 1585 2652 fit
1610 2627 1686 2653 ante

183 2698 249 2717 ras.
278 2686 319 2726 G>
348 2686 413 2717 GH
438 2685 506 2725 (LI,
532 2695 593 2717 om.
610 2683 649 2714 elz
674 2684 727 2714 ιιΙιί
750 2684 797 2714 sic
821 2684 935 2714 mediis
953 2683 1079 2715 omissis
1096 2683 1216 2722 leyz'cm·
1237 2680 1477 2722 privatimque
1503 2678 1597 2709 suris
1623 2687 1684 2718 pu-

183 2744 351 2781 teorum):
380 2742 410 2773 si
435 2741 530 2772 desit
556 2740 610 2772 GC.
641 2735 656 2781 11
688 2741 728 2769 21
757 2742 991 2779 conportatur
1019 2739 1083 2769 GH
1107 2737 1181 2773 (JA,
1208 2738 1428 2777 conparatus
1454 2737 1551 2764 tatur
1576 2733 1614 2764 elz
1641 2743 1686 2764 ea-

183 2800 273 2838 (impl.
299 2796 402 2838 lech).
435 2795 450 2838 ΙΙ
481 2798 522 2827 22
555 2806 619 2827 eae
652 2796 703 2826 ll:
744 2794 810 2825 liae
845 2796 871 2824 ti
903 2794 1005 2833 (Lle).
1039 2791 1053 2834 {l
1090 2794 1132 2823 24
1164 2791 1387 2832 hypaethrae
1420 2788 1686 2820 ambulationes

184 2854 255 2883 ed.:
283 2853 436 2893 hypetra
461 2851 703 2883 ambulationc
731 2852 767 2886 (1',
793 2849 937 2890 hyp&ra
963 2848 1243 2879 ambulationem
1271 2847 1315 2877 ll.
1346 2843 1360 2886 Η
1392 2847 1433 2876 30
1459 2844 1685 2875 balinearum

184 2909 230 2944 ll,
258 2908 465 2939 balnearum
493 2908 519 2939 G
545 2906 648 2948 (hle).
