1899 3322
563 241 625 270 DE
656 240 1009 270 ARCHlTEeTcRA
1044 242 1133 270 LlB.
1167 241 1194 268 I.
1582 229 1636 269 29

116 354 144 383 Ε
176 348 217 383 et
248 353 287 382 F.
347 341 450 382 haec
482 340 594 381 linea
625 342 706 382 erit
736 340 870 381 index
906 341 1170 381 meridianae
1210 347 1250 382 et
1290 339 1638 397 septentrionalis

51 421 91 451 13
117 409 321 465 regionis.
381 416 482 450 tunc
513 409 673 450 circino
704 409 835 449 totius
867 407 1183 449 rotundationis
1215 407 1422 449 sumenda
1453 414 1518 448 est
1540 422 1638 463 pars

117 477 253 530 XVI,
274 477 530 533 ‘circinique
568 482 763 517 centrum
794 475 1041 532 ponendum
1073 482 1137 516 est
1168 477 1211 516 in
1250 475 1489 516 meridiana
1526 474 1639 515 linea

119 560 202 601 qua
239 545 381 599 tangit
417 544 765 585 rotundationem
804 543 881 584 ubi
919 550 983 583 est
1021 542 1166 583 littera
1204 554 1252 595 E,
1303 550 1344 583 et
1381 541 1639 597 signandum

119 612 275 653 dextra
311 626 361 652 ae
401 613 578 653 sinistra
616 612 692 652 ubi
731 618 855 652 erunt
894 609 1065 651 litterae
1096 620 1126 650 G
1154 622 1199 650 H.
1260 611 1363 650 item
1394 611 1438 649 in
1470 617 1638 666 septen·
1666 621 1681 648 .-

115 679 290 720 trionali
329 686 452 735 parte
490 685 682 720 centrum
724 679 874 719 circini
913 678 1159 734 ponendum
1190 678 1235 717 in
1264 676 1568 717 rotundatione
1600 683 1641 716 et

117 746 445 803 septentrionali
482 746 596 788 linea
632 746 708 787 ubi
749 752 813 787 est
850 745 996 786 littera
1027 757 1076 798 F,
1115 751 1156 784 et
1188 743 1447 798 signandum
1487 743 1641 784 dextra

117 828 168 854 ac
199 814 375 855 sinistra
412 814 488 855 ubi
525 820 625 855 sunt
664 813 834 854 litterae
865 825 881 853 Ι
913 820 955 853 et
986 824 1038 865 Κ,
1079 818 1120 852 et
1158 811 1212 851 ab
1245 822 1274 852 G
1304 810 1361 850 ad
1390 822 1423 850 Κ
1454 818 1494 851 et
1524 811 1578 851 ab
1609 822 1641 850 ΙΙ

118 881 174 922 ad
204 894 219 922 Ι
250 895 326 937 per
356 888 550 923 centrum
582 880 720 922 lineae
750 880 1066 937 perducendae.
1127 879 1187 920 ita
1216 878 1329 934 quod
1352 879 1433 918 erit
1454 879 1641 934 spatium

118 949 174 989 ab
206 959 236 990 G
265 949 322 989 ad
353 961 406 1002 H,
449 950 531 990 erit
571 949 757 1005 spatium
795 948 916 989 venti
952 947 1091 988 austri
1123 954 1164 988 et
1196 947 1332 1002 partis
1362 945 1640 997 meridianae,

120 1016 223 1056 item
255 1016 370 1073 quod
403 1017 484 1058 erit
515 1018 703 1073 spatium
734 1016 788 1056 ab
821 1027 837 1056 Ι
868 1015 923 1055 ad
955 1027 1008 1068 Κ,
1050 1016 1131 1056 erit
1162 1014 1484 1071 septentrionis.
1543 1011 1641 1052 reli—

120 1098 228 1140 quae
274 1090 416 1140 partes
466 1084 620 1125 dextra
665 1091 751 1125 tres
796 1098 846 1124 ae
886 1084 1063 1124 sinistra
1107 1089 1194 1124 tres
1241 1080 1505 1122 dividendae
1544 1085 1643 1120 sunt

118 1150 377 1207 aequaliter,
417 1166 524 1208 quae
556 1158 656 1193 sunt
687 1151 742 1192 ad
775 1152 982 1193 orientem
1014 1152 1059 1192 in
1090 1151 1246 1207 quibus
1278 1149 1448 1190 litterae
1479 1160 1506 1188 L
1537 1159 1571 1188 M
1603 1152 1643 1186 ct

120 1219 175 1260 ab
206 1219 431 1260 occidente
461 1221 507 1260 in
538 1220 695 1276 quibus
728 1226 828 1260 sunt
859 1219 1029 1260 litterae
1059 1231 1089 1259 N
1121 1225 1162 1259 et
1194 1230 1237 1260 Ο.
1303 1216 1357 1257 ab
1388 1228 1422 1257 M
1453 1215 1509 1256 ad
1541 1225 1569 1255 O
1602 1220 1643 1254 et

119 1287 174 1328 ab
205 1299 231 1327 L
251 1287 308 1327 ad
328 1299 357 1327 N
389 1286 690 1343 perducendae
721 1294 819 1328 sunt
850 1286 987 1327 lineae
1019 1286 1293 1327 decussatim.
1356 1290 1397 1324 et
1427 1284 1488 1324 ita
1519 1288 1643 1323 erunt

120 1354 359 1410 aequaliter
389 1361 616 1396 ventorum
655 1362 750 1396 octo
789 1355 929 1411 spatia
960 1355 1003 1394 in
1036 1354 1346 1394 circumitione.
1409 1365 1516 1406 quae
1548 1364 1643 1390 cum

121 1423 181 1463 ita
212 1422 430 1478 descripta
461 1429 599 1476 erunt,
631 1423 677 1463 in
707 1421 890 1477 singulis
921 1421 1092 1477 angulis
1124 1420 1324 1475 octagoni
1356 1434 1451 1460 cuin
1472 1434 1497 1458 a
1518 1417 1643 1458 meri-

121 1490 192 1530 die
221 1489 479 1545 incipiemus
511 1491 624 1531 inter
655 1504 803 1531 eurum
836 1496 877 1530 et
907 1497 1101 1531 austrum
1132 1490 1178 1530 in
1207 1487 1365 1543 angulo
1399 1487 1479 1527 erit
1500 1486 1645 1526 littera

121 1569 165 1611 G,
197 1559 310 1599 inter
339 1564 529 1599 austrum
564 1564 604 1599 et
635 1558 818 1599 africum
846 1570 892 1611 Η,
924 1559 1037 1598 inter
1066 1558 1249 1598 africum
1285 1562 1326 1596 et
1356 1555 1577 1595 favonium
1600 1564 1643 1605 N,

120 1627 233 1667 inter
263 1625 487 1666 favonium
519 1632 560 1666 et
591 1640 769 1666 caurum
801 1637 851 1680 O,
884 1627 998 1666 inter
1029 1641 1205 1667 caurum
1237 1631 1278 1665 et
1308 1623 1645 1679 septentrionem

120 1706 173 1747 Κ,
213 1694 327 1734 inter
366 1694 702 1749 septentrionem
741 1700 783 1734 et
819 1693 1065 1749 aquilonem
1096 1706 1132 1747 1,
1172 1694 1284 1733 inter
1321 1690 1566 1746 aquilonem
1604 1694 1645 1727 et

122 1761 317 1803 solanum
349 1773 390 1814 L,
423 1762 535 1802 inter
566 1761 760 1803 solanum
782 1768 823 1801 et
846 1776 994 1802 eurum
1026 1773 1073 1801 M.
1134 1760 1280 1800 italiis
1304 1758 1511 1800 confectis
1534 1757 1646 1796 inter

121 1829 300 1885 angulos
332 1829 533 1883 octagoni
562 1843 751 1884 gnomon
781 1834 978 1885 ponatur,
1011 1834 1052 1869 et
1082 1828 1142 1868 ita
1173 1827 1416 1882 dirigantur
1445 1824 1645 1880 angipor-

120 1904 263 1939 torum
293 1896 545 1938 divisiones.

218 2095 233 2124 1
260 2090 570 2134 septentrionales
595 2091 643 2122 ll.
682 2088 698 2133 Η
726 2093 745 2122 2
777 2101 861 2132 pars
888 2091 1016 2123 .XV1.:
1042 2092 1093 2122 sie
1120 2091 1196 2122 GH.
1229 2086 1244 2132 Η
1276 2091 1296 2120 4
1330 2099 1401 2130 qua
1429 2088 1520 2121 Gal..·
1552 2097 1644 2128 quae

127 2151 192 2182 GH
218 2146 444 2190 (qua&angit
469 2148 518 2188 ll,
547 2158 614 2189 que
648 2148 767 2189 tangit
803 2148 877 2184 (ilc,
911 2157 990 2188 qua>
1023 2147 1143 2188 tangit
1174 2148 1217 2178 L.
1256 2147 1302 2186 ef.
1334 2156 1441 2187 snpra
1472 2146 1524 2181 2⁶,
1551 2144 1599 2185 ὁ).

125 2204 392 2239 rotundationis
418 2208 496 2235 ante
521 2214 610 2237 corr.
638 2203 935 2244 (—ne=lll1le)
964 2205 1000 2234 (r'.
1033 2201 1047 2245 ΙΙ
1080 2206 1099 2235 ὀ
1126 2213 1167 2233 ac
1200 2203 1246 2232 L:
1287 2212 1346 2234 om.
1377 2203 1442 2233 (ill
1471 2202 1539 2241 (le).
1574 2199 1588 2243 Η
1626 2203 1645 2231 (3

124 2261 379 2295 rotundatione
407 2265 443 2291 et.
467 2270 544 2300 eqo:
572 2260 850 2290 rotundationes
870 2262 906 2290 et
922 2260 958 2299 G,
986 2258 1256 2290 rutundationis
1271 2258 1297 2288 ἃ
1319 2258 1452 2298 ll(1·ot.
1470 2258 1605 2297 Gcle).
1628 2256 1643 2297 il

126 2322 146 2351 8
173 2323 209 2351 et
236 2318 280 2350 ab
307 2327 330 2358 g
348 2342 355 2348 .
374 2317 437 2348 ..i
463 2318 536 2348 erl.:
564 2319 599 2347 et
625 2316 670 2346 ab
698 2327 743 2357 .g.
777 2315 823 2347 ad
849 2316 894 2349 .h.
929 2318 964 2347 et
991 2316 1035 2347 ab
1071 2315 1118 2348 .h.
1146 2315 1191 2346 ad
1219 2315 1253 2347 .i.
1283 2314 1318 2351 [l.
1345 2314 1373 2345 ἃ
1399 2315 1443 2345 ab
1471 2324 1516 2353 ‚gx
1543 2314 1571 2344 ἃ
1599 2314 1644 2344 ab

128 2376 174 2410 .h.
200 2374 245 2407 ad
271 2374 307 2406 .i.
335 2374 372 2404 ΙΙ
398 2372 502 2413 (Llc).
536 2369 551 2413 Η
585 2373 623 2402 11
651 2371 697 2403 ab
725 2372 760 2406 .i.
789 2372 835 2403 ad
862 2372 908 2403 .k.
938 2372 996 2403 GC:
1027 2371 1071 2402 ab
1107 2372 1142 2405 ,i.
1176 2371 1220 2401 ab
1256 2371 1304 2405 .k.
1334 2372 1366 2401 ll
1393 2370 1484 2410 (mc)
1511 2375 1543 2400 el
1567 2374 1645 2401 (mle

126 2443 217 2464 corr.
240 2432 278 2463 G.
311 2428 325 2472 Η
361 2430 399 2460 12
425 2428 553 2461 dextra
572 2428 738 2468 (dextera
756 2428 801 2469 L)
821 2431 906 2461 tres.
935 2439 977 2460 ae
998 2428 1146 2459 sinistra
1163 2431 1238 2458 tres
1256 2428 1293 2458 ll
1312 2425 1399 2467 (GL,
1426 2431 1499 2457 tres
1518 2426 1645 2457 dextra.

130 2500 173 2520 ae
199 2488 349 2520 sinistra
373 2489 447 2517 tres
472 2484 534 2526 Ic):
563 2484 752 2517 dextrates
772 2495 813 2516 ac
833 2485 1042 2516 sinistrates
1068 2489 1145 2515 (mle
1171 2494 1261 2516 corr.
1290 2485 1326 2516 (ι’.
1360 2481 1373 2524 Η
1410 2484 1447 2513 14
1474 2493 1519 2513 .n.
1546 2482 1574 2512 ἃ
1602 2493 1644 2515 .ο.

131 2546 175 2577 ab
210 2555 264 2577 .m.
298 2543 342 2574 ad
370 2552 428 2573 .o.:
461 2542 509 2573 sic
545 2542 620 2572 (ill.
657 2538 671 2584 Η
711 2542 751 2572 15
783 2542 827 2573 ab
855 2541 888 2572 .l.
923 2541 968 2573 ad
995 2552 1038 2574 .n.
1066 2542 1136 2573 θὼς
1173 2540 1217 2571 ab
1251 2540 1283 2572 .i.
1317 2539 1361 2570 ad
1389 2549 1432 2572 .n.
1468 2539 1536 2569 (ill
1565 2539 1643 2577 (Me.

129 2601 200 2634 abi.
229 2600 311 2631 adn.
339 2598 394 2638 Ic).
430 2596 445 2640 [l
478 2598 518 2629 16
544 2598 795 2629 circumitione
823 2598 918 2629 Mar.
944 2597 1062 2640 (rec.):
1096 2608 1221 2629 —nein
1248 2597 1299 2633 ll,
1328 2598 1414 2626 —nC-
1441 2596 1468 2624 [ι’
1493 2595 1596 2634 (hle).
1624 2608 1638 2635 >r

130 2659 170 2688 17
203 2655 375 2697 octagoni
408 2655 444 2685 Il
477 2653 568 2694 (Lz):
611 2655 781 2695 octogoni
815 2654 842 2685 [ι’
869 2652 949 2694 (cle).
989 2651 1003 2695 {l
1041 2654 1239 2685 meridiane
1272 2658 1349 2683 (mle
1381 2662 1469 2682 carr.
1497 2652 1523 2680 (1¹
1557 2650 1645 2690 (ine-

128 2713 245 2745 ridiae
289 2713 342 2749 Il,
383 2711 487 2742 —die
533 2711 618 2752 Llc).
658 2708 673 2753 Η
712 2712 754 2742 20
795 2710 967 2741 chamum
1011 2710 1076 2740 (ill
1117 2715 1149 2741 et
1191 2711 1307 2741 iterum
1351 2708 1522 2738 cham-um
1563 2708 1645 2737 (illc

131 2769 207 2809 (sed
230 2779 375 2800 caurum
413 2773 490 2799 unte
527 2777 617 2800 corr.
643 2766 707 2809 ll).
741 2766 756 2810 Η
788 2770 828 2799 23
867 2769 1037 2810 octagoni
1063 2770 1099 2799 ll
1125 2767 1221 2809 (ln->z
1265 2765 1432 2807 octogoni
1468 2766 1494 2793 (ι’
1521 2763 1593 2805 (lh).
1636 2763 1639 2805 l

131 2826 367 2868 angiportursi
394 2830 471 2857 ante
497 2836 588 2859 corr.
615 2825 649 2866 (o
675 2837 721 2857 em
745 2825 781 2866 u)
809 2825 854 2855 [Ι.
888 2822 903 2866 Η
941 2826 984 2855 24
1010 2824 1220 2857 divisiones.
1253 2824 1313 2854 XI.
1348 2821 1476 2876 divisis
1580 2821 1645 2852 Gll

132 2881 222 2923 (ilem
241 2882 298 2923 LI,
322 2883 386 2913 secl
401 2882 481 2914 XII.
499 2881 611 2921 sice-lc).
660 2892 823 2913 numerian
848 2886 940 2913 recle
965 2892 1026 2912 om.
1057 2882 1136 2913 [ιον.
1163 2881 1304 2920 capituli
1327 2882 1409 2911 cuim
1435 2882 1462 2911 is
1488 2885 1537 2912 est
1563 2883 1643 2914 ‹Iuo-

131 2939 266 2975 (lec-imi,
305 2940 361 2980 qui
396 2940 469 2982 ipso
506 2940 600 2970 litulo
627 2939 804 2980 deperdito
838 2948 922 2969 mmo
957 2941 1047 2970 solus
1072 2941 1189 2968 res-lat.
1231 2936 1275 2974 cf.
1309 2936 1401 2977 infru
1439 2937 1501 2976 l'I,
1529 2939 1586 2978 8.).

1671 958 1709 986 lt)

1672 1295 1711 1324 15
