1899 3322
577 236 638 265 DE
670 235 1025 266 ARCHITECTURA
1056 237 1147 266 ΜΒ.
1180 237 1279 266 vm.
1612 225 1687 266 191

110 369 116 373 .
175 337 380 379 terfluens
421 352 497 394 per
527 336 766 377 meridiana
802 335 895 377 loca
926 343 1071 377 manat
1110 343 1150 378 et
1188 337 1370 378 influens
1410 337 1454 396 in
1493 336 1694 393 paludem

175 419 283 461 quae
304 404 546 461 appellatur
745 403 1043 458 circumcingit
1065 404 1254 456 Meroen,
1292 404 1406 460 quod
1429 410 1493 445 est
1514 403 1693 445 Aethio-

175 487 277 528 pum
293 473 627 513 meridianorum
642 485 839 526 regnum,
857 470 911 511 ab
929 469 1082 525 hisque
1098 470 1330 526 paludibus
1344 485 1389 511 se
1399 472 1693 526 circumagens

174 554 251 596 per
281 540 459 580 flumina
487 539 752 580 Astasobam
784 544 825 579 et
863 537 1102 579 Astoboam
1142 544 1183 579 et
1219 537 1304 579 alia
1340 538 1465 595 plura
1496 540 1695 595 pervenit

174 621 250 663 per
281 614 447 648 montes
478 607 534 647 ad
571 613 831 648 cataractam
860 605 914 646 ab
947 620 1080 661 eoque
1112 620 1157 646 se
1194 606 1484 662 praecipitans
1525 621 1602 663 per
1631 621 1694 647 se-
1721 616 1741 646 5

174 673 484 731 ptentrionales
507 675 707 730 pervenit
729 674 842 714 inter
862 671 1155 728 Elephantida
1177 680 1218 713 et
1240 672 1411 729 Syenen
1434 673 1692 715 Thebaicos-

130 751 149 782 7
175 756 258 798 que
288 742 333 782 in
363 742 615 798 Aegyptum
647 756 817 798 campos
851 746 891 781 et
922 740 983 780 ibi
1015 739 1140 780 Nilus
1171 739 1426 796 appellatur.
1487 756 1541 781 ex
1572 741 1692 782 Mau-

173 809 338 850 retania
367 815 510 850 autem
542 816 671 864 caput
701 808 792 850 Nili
823 807 1035 864 profluere
1057 822 1111 848 ex
1132 821 1181 849 eo
1212 808 1400 848 maxime
1421 809 1694 862 cognoscitur

175 876 289 932 quod
321 890 376 916 ex
405 875 541 917 altera
579 882 701 932 parte
738 875 895 917 montis
927 874 1119 916 Atlantis
1151 881 1250 916 sunt
1287 874 1373 915 alia
1411 876 1553 931 capita
1590 876 1692 916 item

173 943 429 1000 profluentia
452 944 506 984 ad
538 943 807 985 occidentem
828 956 1054 995 oceanum,
1087 943 1234 998 ibique
1254 949 1489 983 nascuntur
1519 942 1691 983 ichneu-
1720 949 1762 979 10

173 1025 321 1053 mones
354 1010 558 1052 crocodili
594 1011 705 1052 aliae
736 1010 896 1052 similes
936 1010 1173 1051 bestiarum
1209 1010 1479 1066 pisciumque
1515 1016 1693 1051 naturae

173 1085 343 1135 praeter
372 1079 714 1135 hippopotamos.

129 1155 149 1187 8
285 1147 404 1201 Ergo
436 1160 533 1186 cum
564 1147 705 1187 omnia
736 1146 913 1187 flumina
943 1145 1315 1200 magnitudinibus
1346 1146 1391 1186 in
1412 1145 1528 1187 orbis
1560 1152 1691 1186 terra-

170 1229 267 1254 rum
298 1213 662 1269 descriptionibus
693 1228 717 1254 a
748 1213 1040 1268 septentrione
1071 1212 1303 1254 videantur
1332 1212 1544 1269 profluere
1574 1212 1692 1253 Afri-

173 1296 255 1337 que
293 1282 454 1337 campi,
502 1281 574 1336 qui
615 1287 713 1322 sunt
757 1281 803 1321 in
842 1280 1091 1321 meridianis
1130 1280 1326 1336 partibus
1366 1280 1551 1321 subiecti
1590 1280 1692 1321 solis
1723 1288 1760 1317 15

173 1349 343 1401 cursui,
382 1347 563 1389 latentes
601 1348 772 1403 penitus
811 1347 998 1388 habeant
1035 1362 1203 1389 umores
1234 1362 1312 1388 nec
1349 1347 1487 1388 fontes
1520 1348 1692 1388 crebros

171 1429 404 1472 amnesque
441 1430 583 1469 raros,
630 1414 889 1470 relinquitur
925 1415 988 1456 uti
1025 1415 1159 1456 multo
1197 1414 1373 1456 meliora
1417 1415 1694 1455 inveniantur

173 1484 315 1540 capita
346 1483 529 1524 fontium
551 1497 659 1538 quae
679 1481 735 1522 ad
767 1483 1102 1538 septentrionem
1122 1489 1195 1523 aut
1216 1481 1459 1538 aquilonem
1481 1488 1691 1537 spectant,

172 1551 259 1592 nisi
289 1550 326 1592 si
358 1549 590 1591 inciderint
620 1551 664 1590 in
696 1548 997 1606 sulphm'osum
1027 1549 1168 1591 locum
1197 1556 1272 1591 aut
1301 1549 1586 1591 aluminosum
1618 1564 1692 1590 seu

266 1757 279 1786 1
307 1765 388 1797 per:
415 1755 480 1786 sub
507 1755 549 1786 L.
588 1752 602 1797 Η
640 1754 792 1786 influens
821 1765 900 1796 eqo:
937 1754 1054 1785 influit
1084 1754 1198 1786 EGH.
1237 1751 1251 1795 [Ι
1288 1755 1308 1785 2
1339 1753 1548 1796 appellatur
1581 1752 1690 1785 Coloe

174 1810 292 1852 (joa),
319 1811 590 1852 circumcingit:
618 1810 824 1852 appellatur
850 1808 1104 1850 circumcirca
1122 1809 1281 1851 G)cingit
1300 1810 1367 1840 GH
1383 1809 1606 1852 (appellatur
1623 1811 1691 1841 cir-

175 1900 219 1921 cu
235 1914 242 1921 .
263 1890 378 1931 cingit
408 1890 455 1925 L,
491 1889 721 1932 appellatur.
738 1889 985 1924 Circum-est
1007 1890 1029 1924 l)
1050 1888 1164 1929 cingit
1189 1887 1250 1929 Ic),
1287 1865 1689 1930 appellatllr.÷l÷cirelllll

174 1946 290 1987 cingit
317 1946 346 1976 Ε
372 1945 539 1985 (lacunam
561 1947 761 1986 significavit
786 1945 860 1985 Ec).
895 1942 910 1987 ΙΙ
941 1944 1174 1986 aethiopiori‘i
1200 1944 1242 1978 E.
1277 1942 1292 1987 ll
1319 1946 1340 1976 4
1367 1946 1590 1976 astansoban
1619 1945 1689 1981 Eli,

172 2002 458 2043 haswtansobam
482 2002 523 2033 H
545 2001 844 2053 (hastansvobam
875 2001 922 2040 L,
961 2000 1210 2032 hastansoban
1242 2002 1269 2039 I,
1307 2002 1541 2032 astansobam
1578 2001 1643 2041 elz).
1674 2003 1675 2042 l

172 2069 386 2102 adstoboam
415 2069 518 2102 ΕΘΗ
542 2068 605 2109 (L,
639 2069 827 2100 astoboam
863 2068 925 2107 GC,
962 2067 1182 2099 adscoboam
1208 2067 1264 2108 Ic).
1301 2068 1345 2108 ef.
1373 2069 1460 2101 I’lin.
1486 2071 1523 2103 5,
1550 2070 1596 2098 53
1623 2068 1692 2107 (nbi

174 2128 365 2168 astusapes
379 2130 411 2157 et
426 2126 627 2165 astobores,
642 2129 676 2155 ut
690 2126 784 2166 apud
796 2125 919 2156 Melam
936 2124 1140 2159 astabores)
1153 2128 1216 2158 etc.
1235 2121 1250 2167 ΙΙ
1268 2126 1287 2155 5
1301 2126 1526 2155 cataractam
1542 2123 1653 2155 EGH.
1672 2125 1673 2137 ¹

174 2192 288 2223 eoque
316 2182 386 2213 ΕΙΙ
412 2180 523 2222 (Lle):
553 2190 669 2221 eaque
697 2181 724 2211 G
750 2180 827 2220 (sed
852 2181 896 2211 Ge
918 2192 1025 2222 supra
1046 2190 1122 2221 pos,
1148 2190 1168 2210 ο
1192 2182 1336 2212 litteram
1354 2185 1473 2220 postea
1489 2180 1649 2219 erasum),

173 2237 483 2280 septentrionales
522 2235 584 2277 (sc.
617 2238 781 2277 campos)
817 2244 896 2278 ego:
940 2235 1262 2278 septentrionalem
1304 2235 1414 2266 Elr'll.
1446 2233 1460 2277 Η
1499 2237 1518 2266 6
1550 2246 1687 2266 suenen

177 2294 287 2324 EGll.
310 2292 324 2335 Η
351 2294 371 2323 8
397 2295 520 2324 autem
546 2293 627 2326 EJJ,
668 2296 685 2319 ¹5
715 2292 923 2333 (compendio
947 2293 980 2323 in
1004 2303 1071 2324 ser.
1098 2303 1187 2326 nmoe.
1207 2293 1396 2332 ΑηῃΙοκαω,
1422 2291 1559 2331 nsilttlo)
1588 2292 1615 2321 G
1641 2293 1688 2332 (nl

172 2349 335 2391 saepius),
371 2346 386 2391 Η
425 2350 444 2379 9
477 2347 593 2380 altero
624 2352 703 2379 unte
735 2359 825 2379 corr.
854 2347 984 2387 G(⁷10n
1010 2348 1068 2388 E).
1108 2346 1123 2391 Η
1153 2348 1332 2379 antlantis
1361 2348 1437 2383 ΕΗ,
1471 2348 1620 2378 atlantis
1655 2348 1691 2377 ΙΙ

175 2406 246 2445 (GC,
274 2404 451 2436 athlantis
484 2404 573 2445 Llc).
609 2402 624 2446 Η
662 2405 746 2434 sunt
777 2404 857 2435 add.
888 2403 962 2435 doe.
997 2403 1163 2444 (atlantis
1189 2404 1263 2435 alia
1294 2403 1420 2443 eodm).
1454 2401 1469 2445 Η
1500 2405 1537 2433 11
1565 2413 1686 2435 croco-

174 2461 238 2492 dili
264 2459 396 2501 (—‹101i
422 2464 500 2492 ante
525 2471 615 2493 corr.
636 2459 687 2499 Il)
714 2460 748 2490 ΙΙ
773 2456 831 2500 (L,
847 2459 1041 2501 corcodrili
1058 2461 1098 2496 Ie,
1124 2459 1335 2501 —(lrillil1),
1362 2458 1548 2490 ‹eroeodilli
1578 2459 1647 2490 Eli.
1670 2458 1683 2467 '¹

176 2518 216 2547 12
241 2516 520 2558 hippopotamos
545 2517 582 2547 Η
606 2515 874 2557 (ippopotamos
900 2515 962 2556 lc),
994 2515 1222 2557 hippotamos
1250 2516 1280 2546 lv:
1306 2515 1383 2555 (L).
1417 2516 1687 2556 inpropotamos

177 2573 215 2605 G.
247 2570 262 2613 ΙῙ
296 2573 336 2603 13
361 2572 670 2613 magnitudinibus
697 2571 797 2603 Elill
823 2570 898 2611 (Le,
924 2571 1184 2613 magnitudinis
1210 2572 1267 2603 Li.
1300 2570 1314 2614 Η
1348 2573 1387 2602 14
1414 2571 1686 2612 ascptentrione

175 2628 255 2662 EG,
288 2628 558 2668 aseptentrions·
589 2629 626 2659 H
651 2627 791 2668 (—nem
818 2638 853 2664 ι’,
885 2628 972 2657 -nf-
1002 2628 1037 2663 le,
1069 2627 1362 2669 adseptentrions-
1394 2629 1430 2666 l).
1475 2627 1516 2666 ef.
1549 2638 1582 2667 p.
1615 2629 1686 2661 190,

177 2686 232 2714 12.
264 2681 278 2725 ΙΙ
309 2683 531 2715 videbantur
560 2688 638 2715 ante
669 2694 760 2717 corr.
789 2684 833 2714 ΙΙ.
873 2681 888 2724 Η
926 2684 966 2714 16
999 2684 1119 2714 cursui
1154 2684 1254 2715 EGll
1279 2684 1338 2722 (1,,
1366 2693 1470 2713 cursu
1496 2683 1549 2718 le).
1577 2680 1592 2725 Η
1622 2682 1686 2714 lia-

175 2739 287 2770 beant
310 2739 404 2772 doru:
430 2739 568 2770 habent
595 2739 705 2773 EGIJ.
739 2737 753 2781 ΙΙ
787 2741 825 2770 17
859 2748 1053 2779 amnosque
1080 2740 1111 2770 E
1135 2745 1169 2771 et
1203 2744 1279 2770 ante
1310 2750 1399 2772 corr.
1434 2740 1471 2772 (1¹.
1503 2735 1517 2780 ΙΙ
1559 2739 1598 2769 18
1623 2742 1687 2770 aut

176 2795 398 2836 aquilonem:
423 2796 472 2826 sie
497 2795 610 2828 EGll.
639 2793 653 2837 ΙΙ
686 2797 727 2827 19
753 2795 1032 2826 aluminatosum
1060 2795 1091 2825 E
1115 2800 1146 2827 et
1172 2800 1249 2827 ante
1274 2806 1362 2826 eorr.
1397 2795 1462 2825 (ill
1493 2793 1685 2834 (alumino—

176 2859 252 2880 sum
270 2851 400 2889 Heldo,
426 2850 641 2883 luminosum
670 2852 714 2881 Gr
732 2852 787 2892 qui
810 2852 914 2881 erasit
941 2861 962 2881 a
986 2852 1131 2883 litteram
1147 2853 1180 2882 in
1201 2853 1268 2891 sine
1286 2861 1399 2881 versus
1416 2851 1558 2891 positam
1584 2850 1685 2891 assu-

176 2918 357 2949 nunatosfi
384 2928 456 2958 nec,
482 2919 573 2961 quod
594 2918 706 2955 voluit,
731 2918 825 2949 initio
848 2920 1017 2960 sequentis
1034 2929 1150 2951 rursus
1174 2917 1333 2957 addidit).
