1909 3322
186 942 225 972 10

255 210 308 253 74
905 221 1112 252 vrrnnvn

252 341 350 382 pars
396 322 675 365 crassitudini
721 322 872 376 fuerit,
918 329 1094 380 propter
1138 323 1412 364 crebritatem
1458 329 1500 364 et
1545 324 1768 378 angustias

252 390 673 433 intercolumniorum
717 389 927 431 tumidam
973 397 1014 432 et
1058 392 1331 432 invenustam
1371 389 1529 431 efficiet
1568 392 1768 446 speciem.

250 460 393 514 itaque
430 459 600 513 generis
639 458 779 514 operis
819 464 987 515 oportet
1025 459 1225 515 persequi
1265 458 1552 514 symmetrias.
1621 459 1768 499 etiam-

251 541 333 583 que
376 525 603 581 angulares
649 525 871 567 columnae
915 527 1144 567 crassiores
1187 525 1412 567 faciendae
1453 531 1553 566 sunt
1600 539 1656 566 ex
1693 540 1770 567 sua

250 594 458 636 diametro
499 594 856 650 quinquagesima
894 600 1036 650 parte,
1077 593 1191 650 quod
1230 607 1304 634 eae
1334 592 1388 634 ab
1420 607 1517 633 aere
1549 593 1769 633 circumci-

251 660 409 703 duntur
430 667 471 703 et
501 659 749 716 graciliores
783 661 986 702 videntur
1016 676 1107 701 esse
1137 661 1462 717 aspicientibus,
1523 674 1623 715 ergo
1655 660 1770 716 quod

250 728 396 770 oculus
434 728 566 782 fallit,
605 729 932 770 ratiocinatione
964 735 1028 770 est
1059 728 1401 785 exaequandum.
1470 734 1767 769 contracturae

250 803 393 838 autem
438 797 482 837 in
527 797 703 837 summis
743 795 1034 837 columnarum
1071 786 1409 853 hypotracheliis
1450 796 1510 836 ita
1546 795 1770 836 faciendae

250 864 455 906 videntur
490 865 554 905 uti
593 865 629 904 si
661 863 856 905 columna
886 865 942 905 sit
971 864 1026 905 ab
1057 864 1233 904 minimo
1264 864 1319 904 ad
1349 863 1480 920 pedes
1512 863 1664 919 quinos
1698 862 1768 903 de-

250 948 350 986 nos,
389 933 474 973 ima
512 930 754 973 crassitudo
794 931 1017 972 dividatur
1053 933 1099 972 in
1136 937 1279 988 partes
1319 945 1396 971 sex
1427 937 1468 971 et
1499 944 1644 970 earum
1674 944 1769 985 par-

250 1002 358 1042 tium
390 1000 577 1056 quinque
608 1014 773 1040 summa
804 1001 1104 1040 constituatur.
1172 1001 1277 1040 item
1308 1012 1415 1054 quae
1448 999 1528 1039 erit
1557 997 1612 1039 ab
1645 998 1768 1054 quin-

252 1068 391 1109 decim
428 1067 611 1124 pedibus
649 1066 703 1107 ad
734 1066 865 1122 pedes
897 1068 1077 1122 viginti,
1118 1081 1270 1123 scapus
1302 1067 1412 1107 imus
1445 1066 1490 1106 in
1520 1070 1661 1122 partes
1693 1079 1771 1106 sex

251 1141 292 1176 et
323 1135 543 1175 semissem
572 1134 794 1175 dividatur
824 1149 1053 1191 carumque
1083 1135 1271 1191 partium
1303 1134 1491 1191 quinque
1523 1139 1564 1174 et
1594 1133 1771 1174 semisse

250 1203 444 1258 superior
475 1202 714 1243 crassitudo
747 1201 967 1243 columnae
997 1202 1084 1243 fiat.
1144 1202 1249 1243 item
1281 1215 1388 1257 quae
1420 1201 1502 1241 erit
1531 1215 1556 1241 a
1586 1199 1770 1256 pedibus

252 1271 410 1325 viginti
446 1269 502 1310 ad
539 1270 668 1326 pedes
700 1270 900 1324 triginta,
941 1277 1093 1325 scapus
1132 1271 1243 1310 imus
1282 1268 1506 1309 dividatur
1543 1268 1589 1308 in
1626 1274 1767 1324 partes

251 1344 415 1394 septem
454 1352 683 1393 earumque
722 1352 798 1378 sex
836 1352 1002 1378 summa
1034 1344 1304 1379 contractura
1342 1335 1602 1392 perficiatur.
1663 1350 1770 1391 quae

250 1412 393 1448 autem
423 1405 477 1446 ab
509 1405 688 1459 triginta
719 1405 902 1461 pedibus
933 1404 989 1445 ad
1021 1404 1309 1460 quadraginta
1338 1403 1425 1444 alta
1456 1404 1556 1456 erit,
1589 1404 1675 1443 ima
1706 1401 1768 1443 di—

251 1473 427 1515 vidatur
463 1474 508 1514 in
537 1479 679 1529 partes
718 1479 882 1529 septem
922 1479 963 1513 et
994 1472 1240 1526 dimidiam,
1281 1485 1335 1512 ex
1366 1471 1432 1512 his
1463 1485 1542 1511 sex
1572 1476 1614 1512 et
1644 1470 1769 1510 dimi-

253 1541 368 1583 diam
399 1542 443 1582 in
474 1555 638 1581 summo
670 1540 827 1582 habeat
857 1546 1154 1581 contracturae
1183 1540 1363 1580 ratione.
1424 1552 1533 1594 quae
1563 1543 1685 1578 erunt
1715 1537 1769 1577 ab

185 1616 228 1647 20
253 1609 540 1665 quadraginta
570 1607 754 1665 pedibus
785 1608 839 1649 ad
869 1608 1201 1664 quinquaginta,
1241 1608 1344 1648 item
1375 1604 1638 1647 dividendae
1670 1611 1769 1645 sunt

252 1678 297 1718 in
328 1682 422 1717 octo
460 1682 602 1732 partes
642 1682 683 1716 et
722 1690 867 1717 earum
905 1680 1069 1732 septem
1110 1676 1155 1715 in
1187 1689 1351 1716 summo
1383 1688 1511 1729 scapo
1542 1672 1623 1714 sub
1657 1673 1768 1728 capi-

250 1743 340 1786 tulo
379 1743 697 1784 contrahantur.
765 1744 867 1784 item
905 1744 941 1784 si
973 1757 1080 1799 quae
1118 1741 1291 1783 altiores
1330 1747 1454 1782 erunt
1465 1773 1476 1794 7
1517 1739 1667 1781 eadem
1703 1754 1768 1780 ra-

346 1907 362 1936 1
390 1903 626 1935 crassitudini
661 1904 688 1934 G
720 1903 795 1943 (sed
817 1914 922 1944 snpra
947 1902 962 1933 s
993 1903 1022 1934 is
1050 1902 1127 1944 G'⁶):
1165 1901 1306 1933 —dinis
1340 1901 1375 1932 H
1407 1900 1560 1941 (GcLle).
1599 1898 1614 1943 Η
1651 1901 1672 1931 4
1703 1910 1770 1932 sua

253 1961 343 1993 Jocn:
371 1971 434 1992 suo
463 1960 537 1992 fill.
570 1957 584 2001 Η
616 1961 635 1990 5
662 1970 726 1991 eae
753 1960 791 1990 H
816 1958 908 2000 (G‹³):
934 1960 1002 1992 hae
1031 1960 1058 1991 G
1085 1958 1160 1999 (sed
1182 1960 1215 1990 in
1239 1968 1343 1999 mar-9.
1377 1957 1422 1989 GC
1445 1957 1459 1987 ῖ
1485 1956 1524 1988 ai
1550 1967 1607 1999 ee,
1633 1955 1689 1987 hae
1716 1956 1769 1993 LI,

254 2017 298 2060 he
316 2016 382 2057 cll).
406 2014 420 2058 Η
444 2018 460 2047 7
481 2015 606 2047 oculus
635 2016 701 2047 GH
727 2014 815 2055 (Lis,
844 2016 958 2048 oculis
983 2016 1022 2047 elz
1040 2019 1072 2047 et
1096 2019 1173 2046 ante
1187 2025 1278 2046 corr.
1297 2013 1434 2046 occulis
1459 2014 1501 2054 l):
1529 2012 1652 2045 oculos
1670 2013 1722 2044 est.
1752 2011 1766 2053 Η

255 2071 470 2114 exequandu
492 2072 535 2103 G:
563 2071 835 2112 exaequendum
854 2077 930 2103 ante
949 2082 1038 2103 corr.
1059 2072 1094 2102 Il
1113 2070 1376 2112 (exequendum
1397 2070 1541 2106 [chcIc‚
1569 2078 1769 2109 exsequen-

255 2129 336 2160 dum
362 2134 438 2160 ante
464 2139 554 2161 corr.
573 2127 628 2168 L).
662 2125 676 2169 Η
708 2128 727 2158 8
745 2127 1051 2169 hypotracheliis:
1078 2127 1171 2159 —lis
1191 2127 1268 2161 GH.
1300 2124 1316 2168 Η
1348 2128 1367 2158 9
1395 2126 1439 2158 ab
1468 2126 1534 2158 GH
1560 2124 1613 2165 (lc,
1632 2136 1653 2156 a
1671 2123 1730 2165 L).
1753 2123 1765 2158 ’ἶ

258 2187 295 2216 11
324 2186 455 2224 Itemq3
484 2184 550 2215 GH
575 2182 628 2224 (Ie,
656 2182 747 2215 Item
774 2184 856 2224 quia
882 2183 941 2225 L).
973 2182 987 2225 Η
1021 2185 1060 2214 12
1086 2183 1218 2225 viginti
1245 2181 1405 2223 H(Lle):
1432 2183 1499 2213 XX
1520 2181 1557 2213 G.
1590 2178 1605 2223 Η
1637 2190 1769 2222 scapus

258 2242 284 2273 (ι’
309 2239 424 2283 (Llh):
453 2249 565 2281 capus
592 2240 627 2270 H
652 2238 710 2279 (c).
744 2237 758 2281 Η
790 2240 827 2270 in
857 2242 980 2280 partes
1006 2249 1069 2271 sex
1103 2242 1138 2270 et
1162 2239 1351 2270 semissem
1383 2236 1567 2270 dividatur
1597 2237 1690 2269 Joc.:
1732 2236 1769 2267 in

257 2300 378 2338 partes
404 2298 544 2338 septem
576 2296 739 2337 superior
770 2295 971 2327 crassitudo
999 2295 1190 2327 columnae
1216 2304 1278 2326 sex
1312 2297 1348 2326 et
1373 2293 1562 2326 semissem
1588 2292 1770 2325 dividatur

258 2353 323 2384 GIl
348 2353 404 2393 (L,
425 2354 471 2384 ad
492 2353 665 2394 sequentia
690 2352 760 2383 scil.
786 2356 930 2392 propter
946 2352 1119 2384 verborum
1135 2352 1379 2383 similitudinem
1396 2350 1575 2391 archetypi
1588 2350 1768 2390 scriptoris

256 2411 350 2441 oculo
368 2410 547 2450 dupliciter
572 2409 730 2448 delapso:
757 2411 857 2449 atque
876 2418 921 2439 ecc
937 2408 999 2439 hoe
1017 2409 1145 2450 quidem
1161 2417 1281 2439 errore
1298 2407 1443 2438 eiusdem
1459 2405 1548 2437 modi
1564 2415 1664 2437 error
1681 2407 1768 2436 atter

258 2470 354 2497 uatus
379 2470 429 2496 est
454 2467 486 2496 in
511 2464 695 2505 archetypo
721 2464 867 2495 codicum
892 2465 922 2494 lc
959 2463 1026 2504 (la),
1059 2464 1115 2505 qui
1138 2473 1223 2505 quae
1253 2465 1418 2494 intersunt
1442 2462 1531 2493 inter·
1554 2461 1657 2493 verba
1679 2461 1768 2501 falso

256 2522 402 2563 repetita
427 2521 590 2562 superior
615 2519 817 2551 crassitudo
844 2519 1045 2559 columnae,
1073 2529 1113 2551 ea
1137 2521 1305 2558 omittunt,
1331 2518 1380 2549 sic
1404 2519 1598 2549 tradentes:
1624 2517 1661 2548 in
1686 2527 1769 2558 par-

259 2582 312 2610 tes
349 2579 489 2619 septem
526 2576 691 2618 superior
729 2575 932 2606 crassitudo
966 2574 1154 2607 columnae
1194 2574 1257 2606 fiat
1293 2575 1452 2615 itemque
1485 2577 1590 2605 erunt
1629 2571 1721 2612 etc.).
1751 2570 1765 2613 Ι

261 2636 299 2665 14
324 2636 410 2665 item
436 2643 528 2675 quae
548 2633 617 2664 erit
635 2632 739 2663 Laet:
766 2632 890 2672 itemq3
918 2633 1021 2662 erunt
1042 2631 1117 2662 GH.
1150 2627 1164 2672 Η
1198 2631 1238 2662 15
1256 2631 1323 2662 ΧΧ
1349 2654 1358 2663 .
1377 2654 1383 2661 .
1404 2654 1410 2661 .
1436 2631 1538 2662 XXX
1559 2629 1598 2661 G.
1630 2625 1644 2670 Η
1677 2628 1768 2659 imus

261 2692 303 2721 G:
331 2691 361 2721 is
388 2691 423 2721 H
449 2689 554 2730 (Ltc).
587 2686 601 2730 Η
635 2686 794 2727 16(—18)
823 2697 1071 2728 earumque—
1089 2688 1227 2728 septem
1252 2687 1291 2716 Il
1314 2685 1439 2727 (GcL):
1473 2696 1534 2718 om.
1564 2684 1591 2715 G
1623 2682 1700 2723 (sed
1725 2684 1769 2714 Gc

258 2749 365 2787 suppl.
391 2747 424 2777 in
454 2756 558 2786 παπ-9.
588 2755 667 2785 paq.
700 2743 836 2783 infer.)‚
869 2744 983 2774 eadem
1014 2742 1114 2773 verba
1145 2740 1221 2781 (sed
1243 2742 1385 2782 proprio
1411 2739 1545 2780 errore)
1579 2750 1640 2771 om.
1666 2740 1696 2770 le
1722 2739 1765 2778 (le,

260 2803 334 2832 item
356 2801 406 2841 f).
439 2799 453 2843 Η
488 2802 527 2833 17
554 2800 598 2832 ab
618 2800 716 2831 XXX
747 2823 753 2829 .
774 2824 779 2830 .
802 2826 808 2831 .
837 2798 880 2830 ad
895 2798 957 2829 XL
980 2798 1036 2829 GC.
1067 2795 1085 2839 Η
1116 2798 1156 2828 18
1174 2797 1242 2828 VII
1263 2797 1315 2828 GC.
1350 2794 1365 2838 Η
1395 2795 1578 2827 dimidiam
1598 2819 1605 2826 .
1625 2805 1668 2827 ex
1693 2795 1767 2827 his:

260 2858 308 2888 sic.
346 2858 411 2888 GH
451 2856 502 2898 (et
538 2858 618 2889 add.
655 2855 747 2887 Mar.
784 2865 854 2886 cum
890 2853 994 2893 Pol.).
1033 2851 1047 2895 Η
1087 2854 1126 2884 19
1164 2853 1200 2883 in
1233 2854 1333 2884 suma
1364 2853 1405 2884 L.
1445 2850 1459 2894 Η
1497 2851 1638 2883 ratione
1676 2852 1768 2884 ιΙοο.;

264 2914 348 2947 ν--υό
375 2914 413 2954 (ι’,
439 2923 565 2944 —nem
592 2913 625 2943 H
651 2910 707 2952 (L,
733 2912 820 2942 ——nG
844 2907 901 2951 lc).
932 2907 947 2952 Η
978 2910 1022 2941 ab
1047 2909 1110 2940 XL
1139 2908 1175 2940 G.

1794 741 1834 772 12
