<?xml version="1.0" encoding="UTF-8"?>
<!DOCTYPE html PUBLIC "-//W3C//DTD XHTML 1.0 Transitional//EN"
    "http://www.w3.org/TR/xhtml1/DTD/xhtml1-transitional.dtd">
<html xmlns="http://www.w3.org/1999/xhtml" xml:lang="en" lang="en">
 <head>
  <title>
</title>
<meta http-equiv="Content-Type" content="text/html;charset=utf-8" />
  <meta name='ocr-system' content='tesseract 3.04.00' />
  <meta name='ocr-capabilities' content='ocr_page ocr_carea ocr_par ocr_line ocrx_word'/>
</head>
<body>
  <div class='ocr_page' id='page_1' title='image "./dearchitecturali00vitruoft_0241.png"; bbox 0 0 1899 3322; ppageno 0'>
   <div class='ocr_carea' id='block_1_1' title="bbox 66 952 107 982">
    <p class='ocr_par' dir='ltr' id='par_1_1' title="bbox 66 952 107 982">
     <span class='ocr_line' id='line_1_1' title="bbox 66 952 107 982; baseline 0.024 -1"><span class='ocrx_word' id='word_1_1' title='bbox 66 952 107 982; x_wconf 79' lang='lat'>14</span> 
     </span>
    </p>
   </div>
   <div class='ocr_carea' id='block_1_2' title="bbox 68 1629 108 1660">
    <p class='ocr_par' dir='ltr' id='par_1_2' title="bbox 68 1629 108 1660">
     <span class='ocr_line' id='line_1_2' title="bbox 68 1629 108 1660; baseline 0.025 -1"><span class='ocrx_word' id='word_1_2' title='bbox 68 1629 108 1660; x_wconf 85' lang='lat'>15</span> 
     </span>
    </p>
   </div>
   <div class='ocr_carea' id='block_1_3' title="bbox 558 219 1648 261">
    <p class='ocr_par' dir='ltr' id='par_1_3' title="bbox 558 219 1648 261">
     <span class='ocr_line' id='line_1_3' title="bbox 558 219 1648 261; baseline -0.002 0"><span class='ocrx_word' id='word_1_3' title='bbox 558 232 620 261; x_wconf 85' lang='lat' dir='ltr'>DE</span> <span class='ocrx_word' id='word_1_4' title='bbox 651 231 1006 261; x_wconf 81' lang='lat' dir='ltr'><strong>ARCHITECTURA</strong></span> <span class='ocrx_word' id='word_1_5' title='bbox 1038 232 1127 261; x_wconf 72' lang='lat' dir='ltr'>Lm.</span> <span class='ocrx_word' id='word_1_6' title='bbox 1159 232 1220 260; x_wconf 78' lang='lat' dir='ltr'>lx.</span> <span class='ocrx_word' id='word_1_7' title='bbox 1565 219 1648 260; x_wconf 74' lang='lat'>‘223</span> 
     </span>
    </p>
   </div>
   <div class='ocr_carea' id='block_1_4' title="bbox 130 332 1721 2011">
    <p class='ocr_par' dir='ltr' id='par_1_4' title="bbox 130 332 1721 1182">
     <span class='ocr_line' id='line_1_4' title="bbox 132 332 1650 389; baseline -0.002 -15"><span class='ocrx_word' id='word_1_8' title='bbox 132 334 285 374; x_wconf 85' lang='lat' dir='ltr'>deatur</span> <span class='ocrx_word' id='word_1_9' title='bbox 323 347 550 389; x_wconf 78' lang='lat' dir='ltr'>exponam.</span> <span class='ocrx_word' id='word_1_10' title='bbox 611 333 700 373; x_wconf 91' lang='lat' dir='ltr'>eius</span> <span class='ocrx_word' id='word_1_11' title='bbox 739 332 851 373; x_wconf 89' lang='lat' dir='ltr'>radii</span> <span class='ocrx_word' id='word_1_12' title='bbox 889 333 934 372; x_wconf 92' lang='lat' dir='ltr'>in</span> <span class='ocrx_word' id='word_1_13' title='bbox 971 333 1130 373; x_wconf 89' lang='lat' dir='ltr'>mundo</span> <span class='ocrx_word' id='word_1_14' title='bbox 1175 333 1239 373; x_wconf 87' lang='lat' dir='ltr'>uti</span> <span class='ocrx_word' id='word_1_15' title='bbox 1276 333 1437 387; x_wconf 82' lang='lat' dir='ltr'>trigoni</span> <span class='ocrx_word' id='word_1_16' title='bbox 1474 332 1650 388; x_wconf 83' lang='lat' dir='ltr'>paribus</span> 
     </span>
     <span class='ocr_line' id='line_1_5' title="bbox 131 398 1651 455; baseline -0.001 -14"><span class='ocrx_word' id='word_1_17' title='bbox 131 399 339 442; x_wconf 88' lang='lat' dir='ltr'>lateribus</span> <span class='ocrx_word' id='word_1_18' title='bbox 370 400 508 442; x_wconf 88' lang='lat' dir='ltr'>forma</span> <span class='ocrx_word' id='word_1_19' title='bbox 538 399 844 441; x_wconf 81' lang='lat' dir='ltr'>lineationibus</span> <span class='ocrx_word' id='word_1_20' title='bbox 875 399 1176 441; x_wconf 75' lang='lat' dir='ltr'>extenduntur.</span> <span class='ocrx_word' id='word_1_21' title='bbox 1223 399 1267 440; x_wconf 90' lang='lat' dir='ltr'>id</span> <span class='ocrx_word' id='word_1_22' title='bbox 1289 406 1433 440; x_wconf 85' lang='lat' dir='ltr'>autem</span> <span class='ocrx_word' id='word_1_23' title='bbox 1455 414 1534 440; x_wconf 89' lang='lat' dir='ltr'>nec</span> <span class='ocrx_word' id='word_1_24' title='bbox 1554 398 1651 455; x_wconf 86' lang='lat' dir='ltr'>plus</span> 
     </span>
     <span class='ocr_line' id='line_1_6' title="bbox 131 466 1653 523; baseline -0.001 -15"><span class='ocrx_word' id='word_1_25' title='bbox 131 482 211 508; x_wconf 88' lang='lat' dir='ltr'>nee</span> <span class='ocrx_word' id='word_1_26' title='bbox 240 468 383 508; x_wconf 86' lang='lat' dir='ltr'>minus</span> <span class='ocrx_word' id='word_1_27' title='bbox 416 474 480 508; x_wconf 90' lang='lat' dir='ltr'>est</span> <span class='ocrx_word' id='word_1_28' title='bbox 511 467 566 508; x_wconf 86' lang='lat' dir='ltr'>ad</span> <span class='ocrx_word' id='word_1_29' title='bbox 598 467 796 523; x_wconf 87' lang='lat' dir='ltr'>quintum</span> <span class='ocrx_word' id='word_1_30' title='bbox 827 466 881 507; x_wconf 84' lang='lat' dir='ltr'>ab</span> <span class='ocrx_word' id='word_1_31' title='bbox 916 481 963 508; x_wconf 92' lang='lat' dir='ltr'>co</span> <span class='ocrx_word' id='word_1_32' title='bbox 997 468 1180 521; x_wconf 85' lang='lat' dir='ltr'>signum.</span> <span class='ocrx_word' id='word_1_33' title='bbox 1232 468 1364 521; x_wconf 83' lang='lat' dir='ltr'>igitur</span> <span class='ocrx_word' id='word_1_34' title='bbox 1386 467 1423 508; x_wconf 90' lang='lat' dir='ltr'>si</span> <span class='ocrx_word' id='word_1_35' title='bbox 1443 466 1555 507; x_wconf 87' lang='lat' dir='ltr'>radii</span> <span class='ocrx_word' id='word_1_36' title='bbox 1577 481 1653 522; x_wconf 86' lang='lat' dir='ltr'>per</span> 
     </span>
     <span class='ocr_line' id='line_1_7' title="bbox 131 534 1651 591; baseline -0.001 -15"><span class='ocrx_word' id='word_1_37' title='bbox 131 549 298 576; x_wconf 89' lang='lat' dir='ltr'>omnem</span> <span class='ocrx_word' id='word_1_38' title='bbox 329 534 537 576; x_wconf 88' lang='lat' dir='ltr'>mundum</span> <span class='ocrx_word' id='word_1_39' title='bbox 568 535 654 576; x_wconf 85' lang='lat' dir='ltr'>fusi</span> <span class='ocrx_word' id='word_1_40' title='bbox 687 534 1037 575; x_wconf 73' lang='lat' dir='ltr'>circinationibus</span> <span class='ocrx_word' id='word_1_41' title='bbox 1059 543 1323 588; x_wconf 72' lang='lat' dir='ltr'>vagarentur</span> <span class='ocrx_word' id='word_1_42' title='bbox 1344 549 1481 591; x_wconf 87' lang='lat' dir='ltr'>neque</span> <span class='ocrx_word' id='word_1_43' title='bbox 1504 541 1651 574; x_wconf 81' lang='lat' dir='ltr'>exten-</span> 
     </span>
     <span class='ocr_line' id='line_1_8' title="bbox 130 600 1697 658; baseline -0.001 -15"><span class='ocrx_word' id='word_1_44' title='bbox 130 602 322 644; x_wconf 79' lang='lat' dir='ltr'>tionibus</span> <span class='ocrx_word' id='word_1_45' title='bbox 362 603 547 658; x_wconf 90' lang='lat' dir='ltr'>porrecti</span> <span class='ocrx_word' id='word_1_46' title='bbox 593 602 649 643; x_wconf 87' lang='lat' dir='ltr'>ad</span> <span class='ocrx_word' id='word_1_47' title='bbox 688 602 848 656; x_wconf 81' lang='lat' dir='ltr'>trigoni</span> <span class='ocrx_word' id='word_1_48' title='bbox 893 600 1075 642; x_wconf 87' lang='lat' dir='ltr'>formam</span> <span class='ocrx_word' id='word_1_49' title='bbox 1122 600 1402 655; x_wconf 78' lang='lat' dir='ltr'>linearentur,</span> <span class='ocrx_word' id='word_1_50' title='bbox 1450 602 1652 658; x_wconf 90' lang='lat' dir='ltr'>propiora</span> <span class='ocrx_word' id='word_1_51' title='bbox 1678 612 1697 641; x_wconf 76' lang='lat'><strong>5</strong></span> 
     </span>
     <span class='ocr_line' id='line_1_9' title="bbox 130 667 1651 725; baseline -0.001 -15"><span class='ocrx_word' id='word_1_52' title='bbox 130 669 379 724; x_wconf 83' lang='lat' dir='ltr'>flagrarent.</span> <span class='ocrx_word' id='word_1_53' title='bbox 439 670 485 710; x_wconf 89' lang='lat' dir='ltr'>id</span> <span class='ocrx_word' id='word_1_54' title='bbox 507 676 650 711; x_wconf 87' lang='lat' dir='ltr'>autem</span> <span class='ocrx_word' id='word_1_55' title='bbox 674 669 803 710; x_wconf 85' lang='lat' dir='ltr'>etiam</span> <span class='ocrx_word' id='word_1_56' title='bbox 825 667 1059 724; x_wconf 78' lang='lat' dir='ltr'>Euripides</span> <span class='ocrx_word' id='word_1_57' title='bbox 1084 668 1348 710; x_wconf 80' lang='lat' dir='ltr'>Graecorum</span> <span class='ocrx_word' id='word_1_58' title='bbox 1369 676 1495 725; x_wconf 90' lang='lat' dir='ltr'>poeta</span> <span class='ocrx_word' id='word_1_59' title='bbox 1516 670 1651 709; x_wconf 85' lang='lat' dir='ltr'>anim-</span> 
     </span>
     <span class='ocr_line' id='line_1_10' title="bbox 132 735 1651 792; baseline -0.001 -15"><span class='ocrx_word' id='word_1_60' title='bbox 132 737 376 779; x_wconf 87' lang='lat' dir='ltr'>advertisse</span> <span class='ocrx_word' id='word_1_61' title='bbox 408 737 595 778; x_wconf 80' lang='lat' dir='ltr'>videtur.</span> <span class='ocrx_word' id='word_1_62' title='bbox 657 738 717 778; x_wconf 87' lang='lat' dir='ltr'>ait</span> <span class='ocrx_word' id='word_1_63' title='bbox 749 737 861 777; x_wconf 89' lang='lat' dir='ltr'>enim</span> <span class='ocrx_word' id='word_1_64' title='bbox 894 750 1004 792; x_wconf 83' lang='lat' dir='ltr'>quae</span> <span class='ocrx_word' id='word_1_65' title='bbox 1024 735 1195 791; x_wconf 80' lang='lat' dir='ltr'>longius</span> <span class='ocrx_word' id='word_1_66' title='bbox 1217 751 1241 776; x_wconf 87' lang='lat' dir='ltr'>a</span> <span class='ocrx_word' id='word_1_67' title='bbox 1263 736 1351 777; x_wconf 87' lang='lat' dir='ltr'>sole</span> <span class='ocrx_word' id='word_1_68' title='bbox 1374 743 1518 777; x_wconf 79' lang='lat' dir='ltr'>essent</span> <span class='ocrx_word' id='word_1_69' title='bbox 1548 736 1651 777; x_wconf 83' lang='lat' dir='ltr'>haec</span> 
     </span>
     <span class='ocr_line' id='line_1_11' title="bbox 131 804 1651 862; baseline -0.001 -17"><span class='ocrx_word' id='word_1_70' title='bbox 131 805 428 846; x_wconf 81' lang='lat' dir='ltr'>vehementius</span> <span class='ocrx_word' id='word_1_71' title='bbox 467 804 640 858; x_wconf 80' lang='lat' dir='ltr'>ardere,</span> <span class='ocrx_word' id='word_1_72' title='bbox 689 805 890 862; x_wconf 88' lang='lat' dir='ltr'>propiora</span> <span class='ocrx_word' id='word_1_73' title='bbox 928 818 1030 845; x_wconf 82' lang='lat' dir='ltr'>vero</span> <span class='ocrx_word' id='word_1_74' title='bbox 1069 818 1167 845; x_wconf 89' lang='lat' dir='ltr'>eum</span> <span class='ocrx_word' id='word_1_75' title='bbox 1204 810 1442 861; x_wconf 86' lang='lat' dir='ltr'>temperata</span> <span class='ocrx_word' id='word_1_76' title='bbox 1479 804 1651 846; x_wconf 88' lang='lat' dir='ltr'>habere.</span> 
     </span>
     <span class='ocr_line' id='line_1_12' title="bbox 131 871 1651 928; baseline 0 -16"><span class='ocrx_word' id='word_1_77' title='bbox 131 873 277 928; x_wconf 88' lang='lat' dir='ltr'>itaque</span> <span class='ocrx_word' id='word_1_78' title='bbox 322 872 475 913; x_wconf 75' lang='lat' dir='ltr'>scribit</span> <span class='ocrx_word' id='word_1_79' title='bbox 520 873 564 913; x_wconf 91' lang='lat' dir='ltr'>in</span> <span class='ocrx_word' id='word_1_80' title='bbox 611 872 759 913; x_wconf 87' lang='lat' dir='ltr'>fabula</span> <span class='ocrx_word' id='word_1_81' title='bbox 803 871 1072 913; x_wconf 78' lang='lat' dir='ltr'>Phaethonte</span> <span class='ocrx_word' id='word_1_82' title='bbox 1119 873 1180 913; x_wconf 86' lang='lat' dir='ltr'>sic</span> <span class='ocrx_word' id='word_1_83' title='bbox 1228 887 1342 913; x_wconf 72' lang='grc' dir='ltr'><em>καιει,</em></span> <span class='ocrx_word' id='word_1_84' title='bbox 1386 887 1439 912; x_wconf 79' lang='grc' dir='ltr'>τα</span> <span class='ocrx_word' id='word_1_85' title='bbox 1485 886 1651 925; x_wconf 67' lang='lat' dir='ltr'>stepen),</span> 
     </span>
     <span class='ocr_line' id='line_1_13' title="bbox 131 937 1721 994; baseline -0.001 -14"><span class='ocrx_word' id='word_1_86' title='bbox 131 943 360 992; x_wconf 76' lang='grc' dir='ltr'>ταγγυθεν</span> <span class='ocrx_word' id='word_1_87' title='bbox 392 937 432 980; x_wconf 75' lang='grc' dir='ltr'>δ’</span> <span class='ocrx_word' id='word_1_88' title='bbox 468 938 647 993; x_wconf 77' lang='grc' dir='ltr'><strong><em>ευκρατ’</em></strong></span> <span class='ocrx_word' id='word_1_89' title='bbox 683 955 781 994; x_wconf 81' lang='grc' dir='ltr'><em>εχει.</em></span> <span class='ocrx_word' id='word_1_90' title='bbox 846 940 881 980; x_wconf 88' lang='lat' dir='ltr'>si</span> <span class='ocrx_word' id='word_1_91' title='bbox 921 954 1022 994; x_wconf 83' lang='lat' dir='ltr'>crgo</span> <span class='ocrx_word' id='word_1_92' title='bbox 1062 954 1130 980; x_wconf 86' lang='lat' dir='ltr'>res</span> <span class='ocrx_word' id='word_1_93' title='bbox 1170 946 1211 980; x_wconf 88' lang='lat' dir='ltr'>et</span> <span class='ocrx_word' id='word_1_94' title='bbox 1248 941 1357 981; x_wconf 87' lang='lat' dir='ltr'>ratio</span> <span class='ocrx_word' id='word_1_95' title='bbox 1391 946 1431 980; x_wconf 80' lang='lat' dir='ltr'>et</span> <span class='ocrx_word' id='word_1_96' title='bbox 1461 940 1651 980; x_wconf 84' lang='lat' dir='ltr'>testimo·</span> <span class='ocrx_word' id='word_1_97' title='bbox 1680 949 1721 980; x_wconf 88' lang='lat'>10</span> 
     </span>
     <span class='ocr_line' id='line_1_14' title="bbox 131 1007 1653 1063; baseline 0.001 -17"><span class='ocrx_word' id='word_1_98' title='bbox 131 1007 252 1047; x_wconf 92' lang='lat' dir='ltr'>nium</span> <span class='ocrx_word' id='word_1_99' title='bbox 290 1013 442 1063; x_wconf 87' lang='lat' dir='ltr'>poetae</span> <span class='ocrx_word' id='word_1_100' title='bbox 488 1008 648 1048; x_wconf 78' lang='lat' dir='ltr'>veteris</span> <span class='ocrx_word' id='word_1_101' title='bbox 681 1007 726 1048; x_wconf 90' lang='lat' dir='ltr'>id</span> <span class='ocrx_word' id='word_1_102' title='bbox 758 1008 969 1061; x_wconf 73' lang='lat' dir='ltr'>ostendit,</span> <span class='ocrx_word' id='word_1_103' title='bbox 1015 1022 1101 1048; x_wconf 90' lang='lat' dir='ltr'>non</span> <span class='ocrx_word' id='word_1_104' title='bbox 1138 1014 1241 1063; x_wconf 88' lang='lat' dir='ltr'>puto</span> <span class='ocrx_word' id='word_1_105' title='bbox 1286 1007 1412 1048; x_wconf 89' lang='lat' dir='ltr'>aliter</span> <span class='ocrx_word' id='word_1_106' title='bbox 1458 1013 1653 1063; x_wconf 84' lang='lat' dir='ltr'>oportere</span> 
     </span>
     <span class='ocr_line' id='line_1_15' title="bbox 132 1074 1652 1132; baseline 0 -17"><span class='ocrx_word' id='word_1_107' title='bbox 132 1075 315 1115; x_wconf 88' lang='lat' dir='ltr'>iudicari</span> <span class='ocrx_word' id='word_1_108' title='bbox 360 1074 445 1116; x_wconf 88' lang='lat' dir='ltr'>nisi</span> <span class='ocrx_word' id='word_1_109' title='bbox 492 1074 855 1130; x_wconf 82' lang='lat' dir='ltr'>quemadmodum</span> <span class='ocrx_word' id='word_1_110' title='bbox 900 1075 953 1115; x_wconf 90' lang='lat' dir='ltr'>de</span> <span class='ocrx_word' id='word_1_111' title='bbox 993 1090 1042 1115; x_wconf 89' lang='lat' dir='ltr'>ea</span> <span class='ocrx_word' id='word_1_112' title='bbox 1081 1089 1128 1116; x_wconf 91' lang='lat' dir='ltr'>re</span> <span class='ocrx_word' id='word_1_113' title='bbox 1165 1090 1294 1132; x_wconf 85' lang='lat' dir='ltr'>supra</span> <span class='ocrx_word' id='word_1_114' title='bbox 1331 1075 1540 1131; x_wconf 88' lang='lat' dir='ltr'>seriptum</span> <span class='ocrx_word' id='word_1_115' title='bbox 1579 1074 1652 1115; x_wconf 85' lang='lat' dir='ltr'>ha-</span> 
     </span>
     <span class='ocr_line' id='line_1_16' title="bbox 132 1136 754 1182; baseline 0 0"><span class='ocrx_word' id='word_1_116' title='bbox 132 1141 298 1182; x_wconf 87' lang='lat' dir='ltr'>bemus.</span> <span class='ocrx_word' id='word_1_117' title='bbox 745 1136 754 1143; x_wconf 67' lang='lat'><em>⁰</em></span> 
     </span>
    </p>

    <p class='ocr_par' dir='ltr' id='par_1_5' title="bbox 131 1209 1720 2011">
     <span class='ocr_line' id='line_1_17' title="bbox 245 1209 1652 1252; baseline 0 -2"><span class='ocrx_word' id='word_1_118' title='bbox 245 1209 364 1250; x_wconf 77' lang='lat' dir='ltr'>Iovis</span> <span class='ocrx_word' id='word_1_119' title='bbox 405 1217 548 1251; x_wconf 90' lang='lat' dir='ltr'>autem</span> <span class='ocrx_word' id='word_1_120' title='bbox 586 1211 699 1252; x_wconf 89' lang='lat' dir='ltr'>inter</span> <span class='ocrx_word' id='word_1_121' title='bbox 729 1210 883 1252; x_wconf 84' lang='lat' dir='ltr'>Martis</span> <span class='ocrx_word' id='word_1_122' title='bbox 916 1217 957 1251; x_wconf 84' lang='lat' dir='ltr'>et</span> <span class='ocrx_word' id='word_1_123' title='bbox 988 1211 1165 1252; x_wconf 82' lang='lat' dir='ltr'>Saturni</span> <span class='ocrx_word' id='word_1_124' title='bbox 1204 1211 1528 1251; x_wconf 83' lang='lat' dir='ltr'>circinationem</span> <span class='ocrx_word' id='word_1_125' title='bbox 1560 1223 1652 1250; x_wconf 91' lang='lat' dir='ltr'>cur-</span> 
     </span>
     <span class='ocr_line' id='line_1_18' title="bbox 132 1275 1720 1334; baseline 0.001 -17"><span class='ocrx_word' id='word_1_126' title='bbox 132 1291 230 1318; x_wconf 89' lang='lat' dir='ltr'>rens</span> <span class='ocrx_word' id='word_1_127' title='bbox 261 1278 467 1319; x_wconf 87' lang='lat' dir='ltr'>maiorem</span> <span class='ocrx_word' id='word_1_128' title='bbox 499 1293 627 1334; x_wconf 85' lang='lat' dir='ltr'>quam</span> <span class='ocrx_word' id='word_1_129' title='bbox 658 1278 788 1331; x_wconf 74' lang='lat' dir='ltr'>Mars,</span> <span class='ocrx_word' id='word_1_130' title='bbox 819 1279 1028 1319; x_wconf 87' lang='lat' dir='ltr'>minorem</span> <span class='ocrx_word' id='word_1_131' title='bbox 1060 1293 1187 1334; x_wconf 86' lang='lat' dir='ltr'>quam</span> <span class='ocrx_word' id='word_1_132' title='bbox 1218 1277 1426 1319; x_wconf 82' lang='lat' dir='ltr'>Saturnus</span> <span class='ocrx_word' id='word_1_133' title='bbox 1458 1275 1653 1333; x_wconf 78' lang='lat' dir='ltr'>pervolat</span> <span class='ocrx_word' id='word_1_134' title='bbox 1681 1287 1720 1318; x_wconf 87' lang='lat'>15</span> 
     </span>
     <span class='ocr_line' id='line_1_19' title="bbox 134 1344 1652 1402; baseline -0.001 -17"><span class='ocrx_word' id='word_1_135' title='bbox 134 1360 319 1386; x_wconf 86' lang='lat' dir='ltr'>cursum.</span> <span class='ocrx_word' id='word_1_136' title='bbox 380 1346 482 1386; x_wconf 90' lang='lat' dir='ltr'>item</span> <span class='ocrx_word' id='word_1_137' title='bbox 513 1344 704 1401; x_wconf 88' lang='lat' dir='ltr'>reliquae</span> <span class='ocrx_word' id='word_1_138' title='bbox 735 1345 885 1387; x_wconf 84' lang='lat' dir='ltr'>stellae</span> <span class='ocrx_word' id='word_1_139' title='bbox 925 1361 1007 1402; x_wconf 89' lang='lat' dir='ltr'>quo</span> <span class='ocrx_word' id='word_1_140' title='bbox 1046 1347 1207 1387; x_wconf 86' lang='lat' dir='ltr'>maiore</span> <span class='ocrx_word' id='word_1_141' title='bbox 1239 1345 1395 1386; x_wconf 80' lang='lat' dir='ltr'>absunt</span> <span class='ocrx_word' id='word_1_142' title='bbox 1426 1346 1566 1400; x_wconf 85' lang='lat' dir='ltr'>spatio</span> <span class='ocrx_word' id='word_1_143' title='bbox 1597 1344 1652 1384; x_wconf 83' lang='lat' dir='ltr'>ab</span> 
     </span>
     <span class='ocr_line' id='line_1_20' title="bbox 134 1412 1651 1470; baseline -0.001 -17"><span class='ocrx_word' id='word_1_144' title='bbox 134 1419 326 1453; x_wconf 82' lang='lat' dir='ltr'>extremo</span> <span class='ocrx_word' id='word_1_145' title='bbox 374 1412 489 1454; x_wconf 85' lang='lat' dir='ltr'>caelo</span> <span class='ocrx_word' id='word_1_146' title='bbox 536 1428 877 1470; x_wconf 78' lang='lat' dir='ltr'>proxumamque</span> <span class='ocrx_word' id='word_1_147' title='bbox 923 1413 1083 1454; x_wconf 86' lang='lat' dir='ltr'>habent</span> <span class='ocrx_word' id='word_1_148' title='bbox 1128 1419 1268 1454; x_wconf 87' lang='lat' dir='ltr'>terrae</span> <span class='ocrx_word' id='word_1_149' title='bbox 1314 1413 1651 1463; x_wconf 79' lang='lat' dir='ltr'>circinationem,</span> 
     </span>
     <span class='ocr_line' id='line_1_21' title="bbox 133 1480 1651 1537; baseline -0.001 -17"><span class='ocrx_word' id='word_1_150' title='bbox 133 1480 312 1521; x_wconf 86' lang='lat' dir='ltr'>celerius</span> <span class='ocrx_word' id='word_1_151' title='bbox 352 1482 583 1536; x_wconf 79' lang='lat' dir='ltr'>pervagari</span> <span class='ocrx_word' id='word_1_152' title='bbox 622 1482 846 1534; x_wconf 77' lang='lat' dir='ltr'>videntur,</span> <span class='ocrx_word' id='word_1_153' title='bbox 896 1480 1010 1536; x_wconf 83' lang='lat' dir='ltr'>quod</span> <span class='ocrx_word' id='word_1_154' title='bbox 1050 1495 1345 1537; x_wconf 87' lang='lat' dir='ltr'>quaecumque</span> <span class='ocrx_word' id='word_1_155' title='bbox 1390 1495 1535 1521; x_wconf 88' lang='lat' dir='ltr'>earum</span> <span class='ocrx_word' id='word_1_156' title='bbox 1574 1480 1651 1520; x_wconf 89' lang='lat' dir='ltr'>mi-</span> 
     </span>
     <span class='ocr_line' id='line_1_22' title="bbox 131 1548 1652 1606; baseline -0.001 -18"><span class='ocrx_word' id='word_1_157' title='bbox 131 1562 279 1589; x_wconf 89' lang='lat' dir='ltr'>norem</span> <span class='ocrx_word' id='word_1_158' title='bbox 317 1549 638 1590; x_wconf 84' lang='lat' dir='ltr'>circinationem</span> <span class='ocrx_word' id='word_1_159' title='bbox 677 1563 888 1606; x_wconf 79' lang='lat' dir='ltr'>peragens</span> <span class='ocrx_word' id='word_1_160' title='bbox 930 1549 1100 1605; x_wconf 86' lang='lat' dir='ltr'>saepius</span> <span class='ocrx_word' id='word_1_161' title='bbox 1139 1548 1314 1589; x_wconf 89' lang='lat' dir='ltr'>subiens</span> <span class='ocrx_word' id='word_1_162' title='bbox 1346 1548 1552 1604; x_wconf 83' lang='lat' dir='ltr'>praeterit</span> <span class='ocrx_word' id='word_1_163' title='bbox 1584 1562 1652 1588; x_wconf 88' lang='lat' dir='ltr'>su-</span> 
     </span>
     <span class='ocr_line' id='line_1_23' title="bbox 132 1615 1720 1672; baseline 0 -16"><span class='ocrx_word' id='word_1_164' title='bbox 132 1617 357 1672; x_wconf 89' lang='lat' dir='ltr'>periorem.</span> <span class='ocrx_word' id='word_1_165' title='bbox 419 1617 783 1672; x_wconf 83' lang='lat' dir='ltr'>quemadmodum</span> <span class='ocrx_word' id='word_1_166' title='bbox 815 1618 852 1658; x_wconf 88' lang='lat' dir='ltr'>si</span> <span class='ocrx_word' id='word_1_167' title='bbox 882 1617 927 1656; x_wconf 91' lang='lat' dir='ltr'>in</span> <span class='ocrx_word' id='word_1_168' title='bbox 957 1623 1051 1658; x_wconf 89' lang='lat' dir='ltr'>rota</span> <span class='ocrx_word' id='word_1_169' title='bbox 1098 1631 1181 1671; x_wconf 88' lang='lat' dir='ltr'>qua</span> <span class='ocrx_word' id='word_1_170' title='bbox 1219 1615 1340 1671; x_wconf 81' lang='lat' dir='ltr'>figuli</span> <span class='ocrx_word' id='word_1_171' title='bbox 1379 1622 1560 1656; x_wconf 87' lang='lat' dir='ltr'>utuntur</span> <span class='ocrx_word' id='word_1_172' title='bbox 1590 1616 1650 1655; x_wconf 89' lang='lat' dir='ltr'>in—</span> <span class='ocrx_word' id='word_1_173' title='bbox 1678 1626 1720 1656; x_wconf 76' lang='lat'>⁵20</span> 
     </span>
     <span class='ocr_line' id='line_1_24' title="bbox 132 1683 1653 1740; baseline -0.001 -16"><span class='ocrx_word' id='word_1_174' title='bbox 132 1685 301 1739; x_wconf 89' lang='lat' dir='ltr'>positae</span> <span class='ocrx_word' id='word_1_175' title='bbox 339 1684 500 1725; x_wconf 87' lang='lat' dir='ltr'>fuerint</span> <span class='ocrx_word' id='word_1_176' title='bbox 539 1691 702 1740; x_wconf 77' lang='lat' dir='ltr'>septem</span> <span class='ocrx_word' id='word_1_177' title='bbox 742 1684 947 1725; x_wconf 80' lang='lat' dir='ltr'>formicae</span> <span class='ocrx_word' id='word_1_178' title='bbox 986 1683 1241 1739; x_wconf 74' lang='lat' dir='ltr'>canalesque</span> <span class='ocrx_word' id='word_1_179' title='bbox 1271 1683 1453 1724; x_wconf 86' lang='lat' dir='ltr'>totidem</span> <span class='ocrx_word' id='word_1_180' title='bbox 1483 1683 1529 1722; x_wconf 90' lang='lat' dir='ltr'>in</span> <span class='ocrx_word' id='word_1_181' title='bbox 1559 1689 1653 1723; x_wconf 88' lang='lat' dir='ltr'>rota</span> 
     </span>
     <span class='ocr_line' id='line_1_25' title="bbox 133 1750 1650 1803; baseline -0.001 -12"><span class='ocrx_word' id='word_1_182' title='bbox 133 1751 237 1792; x_wconf 88' lang='lat' dir='ltr'>facti</span> <span class='ocrx_word' id='word_1_183' title='bbox 277 1752 363 1792; x_wconf 82' lang='lat' dir='ltr'>sint</span> <span class='ocrx_word' id='word_1_184' title='bbox 402 1752 563 1792; x_wconf 84' lang='lat' dir='ltr'>circum</span> <span class='ocrx_word' id='word_1_185' title='bbox 609 1759 804 1792; x_wconf 89' lang='lat' dir='ltr'>centrum</span> <span class='ocrx_word' id='word_1_186' title='bbox 843 1753 927 1792; x_wconf 86' lang='lat' dir='ltr'>imo</span> <span class='ocrx_word' id='word_1_187' title='bbox 965 1751 1264 1792; x_wconf 84' lang='lat' dir='ltr'>adcrescentes</span> <span class='ocrx_word' id='word_1_188' title='bbox 1303 1750 1357 1792; x_wconf 88' lang='lat' dir='ltr'>ad</span> <span class='ocrx_word' id='word_1_189' title='bbox 1397 1756 1650 1803; x_wconf 75' lang='lat' dir='ltr'>extremum,</span> 
     </span>
     <span class='ocr_line' id='line_1_26' title="bbox 132 1819 1652 1874; baseline -0.001 -15"><span class='ocrx_word' id='word_1_190' title='bbox 132 1819 178 1859; x_wconf 90' lang='lat' dir='ltr'>in</span> <span class='ocrx_word' id='word_1_191' title='bbox 216 1819 372 1874; x_wconf 85' lang='lat' dir='ltr'>quibus</span> <span class='ocrx_word' id='word_1_192' title='bbox 411 1819 490 1860; x_wconf 90' lang='lat' dir='ltr'>hae</span> <span class='ocrx_word' id='word_1_193' title='bbox 535 1826 744 1874; x_wconf 82' lang='lat' dir='ltr'>cogantur</span> <span class='ocrx_word' id='word_1_194' title='bbox 791 1819 1114 1860; x_wconf 85' lang='lat' dir='ltr'>circinationem</span> <span class='ocrx_word' id='word_1_195' title='bbox 1159 1820 1322 1872; x_wconf 76' lang='lat' dir='ltr'>facere,</span> <span class='ocrx_word' id='word_1_196' title='bbox 1367 1824 1652 1874; x_wconf 78' lang='lat' dir='ltr'>verseturque</span> 
     </span>
     <span class='ocr_line' id='line_1_27' title="bbox 132 1885 1650 1943; baseline -0.001 -17"><span class='ocrx_word' id='word_1_197' title='bbox 132 1892 226 1927; x_wconf 90' lang='lat' dir='ltr'>rota</span> <span class='ocrx_word' id='word_1_198' title='bbox 256 1887 299 1926; x_wconf 91' lang='lat' dir='ltr'>in</span> <span class='ocrx_word' id='word_1_199' title='bbox 331 1885 510 1928; x_wconf 81' lang='lat' dir='ltr'>alteram</span> <span class='ocrx_word' id='word_1_200' title='bbox 541 1894 706 1943; x_wconf 86' lang='lat' dir='ltr'>partem</span> <span class='ocrx_word' id='word_1_201' title='bbox 717 1919 727 1940; x_wconf 70' lang='lat'><em>7</em></span> <span class='ocrx_word' id='word_1_202' title='bbox 760 1901 936 1928; x_wconf 83' lang='lat' dir='ltr'>necesse</span> <span class='ocrx_word' id='word_1_203' title='bbox 967 1888 1047 1928; x_wconf 88' lang='lat' dir='ltr'>erit</span> <span class='ocrx_word' id='word_1_204' title='bbox 1078 1901 1150 1928; x_wconf 86' lang='lat' dir='ltr'>eas</span> <span class='ocrx_word' id='word_1_205' title='bbox 1182 1892 1329 1927; x_wconf 85' lang='lat' dir='ltr'>contra</span> <span class='ocrx_word' id='word_1_206' title='bbox 1359 1892 1477 1927; x_wconf 83' lang='lat' dir='ltr'>rotae</span> <span class='ocrx_word' id='word_1_207' title='bbox 1507 1900 1650 1926; x_wconf 73' lang='lat' dir='ltr'>versa-</span> 
     </span>
     <span class='ocr_line' id='line_1_28' title="bbox 133 1953 1719 2011; baseline 0 -17"><span class='ocrx_word' id='word_1_208' title='bbox 133 1955 294 1995; x_wconf 85' lang='lat' dir='ltr'>tionem</span> <span class='ocrx_word' id='word_1_209' title='bbox 324 1953 604 1996; x_wconf 85' lang='lat' dir='ltr'>nihilominus</span> <span class='ocrx_word' id='word_1_210' title='bbox 635 1955 843 1996; x_wconf 81' lang='lat' dir='ltr'>adversus</span> <span class='ocrx_word' id='word_1_211' title='bbox 875 1956 1031 1996; x_wconf 84' lang='lat' dir='ltr'>itinera</span> <span class='ocrx_word' id='word_1_212' title='bbox 1061 1954 1265 2011; x_wconf 87' lang='lat' dir='ltr'>perficere</span> <span class='ocrx_word' id='word_1_213' title='bbox 1297 1960 1337 1994; x_wconf 89' lang='lat' dir='ltr'>et</span> <span class='ocrx_word' id='word_1_214' title='bbox 1369 1967 1476 2009; x_wconf 87' lang='lat' dir='ltr'>quae</span> <span class='ocrx_word' id='word_1_215' title='bbox 1506 1953 1650 2010; x_wconf 80' lang='lat' dir='ltr'>proxi·</span> <span class='ocrx_word' id='word_1_216' title='bbox 1677 1964 1719 1994; x_wconf 81' lang='lat'>‘25</span> 
     </span>
    </p>
   </div>
   <div class='ocr_carea' id='block_1_5' title="bbox 132 2135 1652 2574">
    <p class='ocr_par' dir='ltr' id='par_1_6' title="bbox 132 2135 1652 2574">
     <span class='ocr_line' id='line_1_29' title="bbox 222 2135 1650 2180; baseline -0.001 -11"><span class='ocrx_word' id='word_1_217' title='bbox 222 2140 241 2169; x_wconf 80' lang='lat'><strong>2</strong></span> <span class='ocrx_word' id='word_1_218' title='bbox 267 2137 445 2170; x_wconf 86' lang='lat' dir='ltr'>lateribus</span> <span class='ocrx_word' id='word_1_219' title='bbox 465 2139 543 2170; x_wconf 81' lang='lat' dir='ltr'>EG:</span> <span class='ocrx_word' id='word_1_220' title='bbox 570 2138 820 2180; x_wconf 79' lang='lat' dir='ltr'>lateribusque</span> <span class='ocrx_word' id='word_1_221' title='bbox 846 2139 882 2170; x_wconf 88' lang='lat' dir='ltr'><em>H</em></span> <span class='ocrx_word' id='word_1_222' title='bbox 900 2137 1057 2179; x_wconf 76' lang='lat' dir='ltr'>(GcLle).</span> <span class='ocrx_word' id='word_1_223' title='bbox 1081 2135 1095 2180; x_wconf 94' lang='grc' dir='ltr'>Η</span> <span class='ocrx_word' id='word_1_224' title='bbox 1121 2138 1342 2170; x_wconf 59' lang='lat' dir='ltr'>forma-locu:</span> <span class='ocrx_word' id='word_1_225' title='bbox 1370 2137 1508 2169; x_wconf 80' lang='lat' dir='ltr'>formae</span> <span class='ocrx_word' id='word_1_226' title='bbox 1535 2136 1650 2180; x_wconf 68' lang='lat'>&lt;-¹¹‘1‘2</span> 
     </span>
     <span class='ocr_line' id='line_1_30' title="bbox 135 2191 1648 2237; baseline -0.001 -11"><span class='ocrx_word' id='word_1_227' title='bbox 135 2195 173 2234; x_wconf 81' lang='lat' dir='ltr'>G,</span> <span class='ocrx_word' id='word_1_228' title='bbox 204 2205 300 2226; x_wconf 84' lang='lat' dir='ltr'>—me</span> <span class='ocrx_word' id='word_1_229' title='bbox 326 2195 372 2237; x_wconf 80' lang='lat' dir='ltr'>E)</span> <span class='ocrx_word' id='word_1_230' title='bbox 398 2195 510 2227; x_wconf 86' lang='lat' dir='ltr'><em>EGH.</em></span> <span class='ocrx_word' id='word_1_231' title='bbox 531 2192 546 2236; x_wconf 96' lang='grc' dir='ltr'>Η</span> <span class='ocrx_word' id='word_1_232' title='bbox 578 2195 830 2227; x_wconf 77' lang='lat' dir='ltr'>liniationibus</span> <span class='ocrx_word' id='word_1_233' title='bbox 857 2195 967 2226; x_wconf 87' lang='lat' dir='ltr'><em>EGII.</em></span> <span class='ocrx_word' id='word_1_234' title='bbox 989 2191 1003 2237; x_wconf 87' lang='grc' dir='ltr'>Η</span> <span class='ocrx_word' id='word_1_235' title='bbox 1025 2197 1044 2226; x_wconf 84' lang='grc'><strong>3</strong></span> <span class='ocrx_word' id='word_1_236' title='bbox 1064 2195 1225 2236; x_wconf 81' lang='lat' dir='ltr'>quintum</span> <span class='ocrx_word' id='word_1_237' title='bbox 1243 2195 1333 2228; x_wconf 59' lang='lat' dir='ltr'>dost:</span> <span class='ocrx_word' id='word_1_238' title='bbox 1362 2194 1486 2235; x_wconf 58' lang='lat' dir='ltr'>quintii</span> <span class='ocrx_word' id='word_1_239' title='bbox 1504 2194 1617 2225; x_wconf 79' lang='lat' dir='ltr'><em>EGH.</em></span> <span class='ocrx_word' id='word_1_240' title='bbox 1634 2193 1648 2235; x_wconf 83' lang='grc' dir='ltr'>Η</span> 
     </span>
     <span class='ocr_line' id='line_1_31' title="bbox 133 2248 1603 2293; baseline 0 -12"><span class='ocrx_word' id='word_1_241' title='bbox 133 2250 272 2291; x_wconf 77' lang='lat' dir='ltr'>signum</span> <span class='ocrx_word' id='word_1_242' title='bbox 301 2251 426 2282; x_wconf 67' lang='lat' dir='ltr'>lteber:</span> <span class='ocrx_word' id='word_1_243' title='bbox 461 2251 567 2291; x_wconf 84' lang='lat' dir='ltr'>signo</span> <span class='ocrx_word' id='word_1_244' title='bbox 601 2250 711 2281; x_wconf 63' lang='lat' dir='ltr'>ldGll.</span> <span class='ocrx_word' id='word_1_245' title='bbox 743 2248 759 2293; x_wconf 90' lang='grc' dir='ltr'>Η</span> <span class='ocrx_word' id='word_1_246' title='bbox 790 2253 809 2282; x_wconf 84' lang='grc'><strong>5</strong></span> <span class='ocrx_word' id='word_1_247' title='bbox 840 2250 1059 2282; x_wconf 85' lang='lat' dir='ltr'>liniarentur</span> <span class='ocrx_word' id='word_1_248' title='bbox 1085 2251 1154 2282; x_wconf 83' lang='lat' dir='ltr'>GH</span> <span class='ocrx_word' id='word_1_249' title='bbox 1176 2250 1283 2292; x_wconf 81' lang='lat' dir='ltr'>(LIc),</span> <span class='ocrx_word' id='word_1_250' title='bbox 1317 2250 1530 2281; x_wconf 67' lang='lat' dir='ltr'>limat-entur</span> <span class='ocrx_word' id='word_1_251' title='bbox 1562 2250 1603 2280; x_wconf 89' lang='lat' dir='ltr'>E.</span> 
     </span>
     <span class='ocr_line' id='line_1_32' title="bbox 133 2303 1652 2349; baseline -0.001 -11"><span class='ocrx_word' id='word_1_252' title='bbox 133 2306 303 2347; x_wconf 82' lang='lat' dir='ltr'>propiora</span> <span class='ocrx_word' id='word_1_253' title='bbox 336 2307 472 2338; x_wconf 61' lang='lat' dir='ltr'>HcLllz:</span> <span class='ocrx_word' id='word_1_254' title='bbox 514 2307 703 2349; x_wconf 80' lang='lat' dir='ltr'>propriora</span> <span class='ocrx_word' id='word_1_255' title='bbox 744 2306 846 2338; x_wconf 79' lang='lat' dir='ltr'><em>EGll</em></span> <span class='ocrx_word' id='word_1_256' title='bbox 876 2305 935 2347; x_wconf 78' lang='lat' dir='ltr'>(c).</span> <span class='ocrx_word' id='word_1_257' title='bbox 967 2303 980 2348; x_wconf 96' lang='grc' dir='ltr'>Η</span> <span class='ocrx_word' id='word_1_258' title='bbox 1021 2308 1041 2338; x_wconf 81' lang='grc'>8</span> <span class='ocrx_word' id='word_1_259' title='bbox 1073 2307 1200 2338; x_wconf 85' lang='lat' dir='ltr'>ardere</span> <span class='ocrx_word' id='word_1_260' title='bbox 1233 2318 1293 2339; x_wconf 86' lang='lat' dir='ltr'>om.</span> <span class='ocrx_word' id='word_1_261' title='bbox 1328 2308 1354 2336; x_wconf 74' lang='grc' dir='ltr'>(ι’</span> <span class='ocrx_word' id='word_1_262' title='bbox 1381 2304 1460 2345; x_wconf 81' lang='lat' dir='ltr'>(non</span> <span class='ocrx_word' id='word_1_263' title='bbox 1495 2305 1556 2345; x_wconf 74' lang='lat' dir='ltr'>E),</span> <span class='ocrx_word' id='word_1_264' title='bbox 1589 2307 1652 2337; x_wconf 69' lang='lat' dir='ltr'>sed</span> 
     </span>
     <span class='ocr_line' id='line_1_33' title="bbox 132 2360 1649 2405; baseline -0.001 -12"><span class='ocrx_word' id='word_1_265' title='bbox 132 2365 243 2404; x_wconf 67' lang='lat' dir='ltr'>suppl.</span> <span class='ocrx_word' id='word_1_266' title='bbox 272 2364 325 2394; x_wconf 78' lang='lat'><em>(1¹⁶.</em></span> <span class='ocrx_word' id='word_1_267' title='bbox 359 2360 374 2405; x_wconf 93' lang='grc' dir='ltr'>Η</span> <span class='ocrx_word' id='word_1_268' title='bbox 404 2363 576 2404; x_wconf 86' lang='lat' dir='ltr'>propiora</span> <span class='ocrx_word' id='word_1_269' title='bbox 601 2364 699 2394; x_wconf 61' lang='lat' dir='ltr'>Eeb:</span> <span class='ocrx_word' id='word_1_270' title='bbox 743 2363 930 2405; x_wconf 78' lang='lat' dir='ltr'>propriora</span> <span class='ocrx_word' id='word_1_271' title='bbox 957 2363 1057 2394; x_wconf 77' lang='lat' dir='ltr'>EGH</span> <span class='ocrx_word' id='word_1_272' title='bbox 1083 2363 1242 2404; x_wconf 80' lang='lat' dir='ltr'>(propria</span> <span class='ocrx_word' id='word_1_273' title='bbox 1267 2363 1323 2403; x_wconf 76' lang='lat' dir='ltr'>Ic).</span> <span class='ocrx_word' id='word_1_274' title='bbox 1356 2360 1370 2404; x_wconf 96' lang='grc' dir='ltr'>Η</span> <span class='ocrx_word' id='word_1_275' title='bbox 1409 2366 1427 2393; x_wconf 71' lang='lat'><strong>9</strong></span> <span class='ocrx_word' id='word_1_276' title='bbox 1454 2362 1649 2403; x_wconf 81' lang='lat' dir='ltr'>phaetonte</span> 
     </span>
     <span class='ocr_line' id='line_1_34' title="bbox 135 2416 1647 2460; baseline -0.001 -11"><span class='ocrx_word' id='word_1_277' title='bbox 135 2419 172 2450; x_wconf 93' lang='lat' dir='ltr'>ll</span> <span class='ocrx_word' id='word_1_278' title='bbox 198 2418 413 2460; x_wconf 82' lang='lat' dir='ltr'>(phetontae</span> <span class='ocrx_word' id='word_1_279' title='bbox 436 2420 473 2457; x_wconf 92' lang='lat' dir='ltr'>L,</span> <span class='ocrx_word' id='word_1_280' title='bbox 500 2419 700 2460; x_wconf 80' lang='lat' dir='ltr'>phoctonte</span> <span class='ocrx_word' id='word_1_281' title='bbox 726 2419 783 2460; x_wconf 68' lang='lat' dir='ltr'>le),</span> <span class='ocrx_word' id='word_1_282' title='bbox 812 2419 982 2460; x_wconf 83' lang='lat' dir='ltr'>phetonte</span> <span class='ocrx_word' id='word_1_283' title='bbox 1008 2417 1103 2460; x_wconf 63' lang='lat' dir='ltr'>(—t‹2</span> <span class='ocrx_word' id='word_1_284' title='bbox 1124 2420 1164 2459; x_wconf 82' lang='lat' dir='ltr'>G)</span> <span class='ocrx_word' id='word_1_285' title='bbox 1192 2420 1265 2452; x_wconf 80' lang='lat' dir='ltr'>EG,</span> <span class='ocrx_word' id='word_1_286' title='bbox 1295 2416 1309 2460; x_wconf 91' lang='grc' dir='ltr'>Η</span> <span class='ocrx_word' id='word_1_287' title='bbox 1338 2428 1647 2450; x_wconf 65' lang='grc' dir='ltr'>Κειιρῐτητωιίἰυ-</span> 
     </span>
     <span class='ocr_line' id='line_1_35' title="bbox 133 2474 1648 2517; baseline -0.001 -11"><span class='ocrx_word' id='word_1_288' title='bbox 133 2483 629 2516; x_wconf 69' lang='lat' dir='ltr'>‘raNsysnaicIeyxraTaexe1</span> <span class='ocrx_word' id='word_1_289' title='bbox 664 2475 764 2506; x_wconf 71' lang='lat' dir='ltr'>Eril!</span> <span class='ocrx_word' id='word_1_290' title='bbox 803 2474 884 2515; x_wconf 77' lang='lat' dir='ltr'>(nisi</span> <span class='ocrx_word' id='word_1_291' title='bbox 913 2476 1002 2517; x_wconf 78' lang='lat' dir='ltr'>quod</span> <span class='ocrx_word' id='word_1_292' title='bbox 1033 2487 1051 2505; x_wconf 86' lang='grc' dir='ltr'>Λ</span> <span class='ocrx_word' id='word_1_293' title='bbox 1084 2487 1147 2516; x_wconf 81' lang='lat' dir='ltr'>pro</span> <span class='ocrx_word' id='word_1_294' title='bbox 1187 2486 1208 2506; x_wconf 86' lang='lat' dir='ltr'>a</span> <span class='ocrx_word' id='word_1_295' title='bbox 1237 2486 1369 2516; x_wconf 68' lang='lat' dir='ltr'>semper·</span> <span class='ocrx_word' id='word_1_296' title='bbox 1399 2474 1497 2505; x_wconf 78' lang='lat' dir='ltr'>habet</span> <span class='ocrx_word' id='word_1_297' title='bbox 1532 2474 1648 2511; x_wconf 66' lang='lat' dir='ltr'>Eze,</span> 
     </span>
     <span class='ocr_line' id='line_1_36' title="bbox 133 2530 1649 2574; baseline 0 -13"><span class='ocrx_word' id='word_1_298' title='bbox 133 2533 234 2563; x_wconf 75' lang='lat' dir='ltr'>semel</span> <span class='ocrx_word' id='word_1_299' title='bbox 259 2533 286 2563; x_wconf 72' lang='grc' dir='ltr'>(ι’</span> <span class='ocrx_word' id='word_1_300' title='bbox 312 2542 462 2563; x_wconf 68' lang='lat' dir='ltr'>Katei&#39;rsx</span> <span class='ocrx_word' id='word_1_301' title='bbox 488 2557 495 2564; x_wconf 90' lang='lat'>.</span> <span class='ocrx_word' id='word_1_302' title='bbox 517 2557 523 2563; x_wconf 91' lang='lat'><strong>.</strong></span> <span class='ocrx_word' id='word_1_303' title='bbox 545 2557 573 2569; x_wconf 92' lang='lat'>.‚</span> <span class='ocrx_word' id='word_1_304' title='bbox 600 2537 633 2563; x_wconf 80' lang='lat' dir='ltr'>et</span> <span class='ocrx_word' id='word_1_305' title='bbox 658 2533 747 2574; x_wconf 80' lang='lat' dir='ltr'>qnod</span> <span class='ocrx_word' id='word_1_306' title='bbox 777 2533 932 2562; x_wconf 69' lang='lat' dir='ltr'>dimidias</span> <span class='ocrx_word' id='word_1_307' title='bbox 957 2533 1017 2563; x_wconf 76' lang='lat' dir='ltr'>liet.</span> <span class='ocrx_word' id='word_1_308' title='bbox 1044 2530 1081 2563; x_wconf 93' lang='grc' dir='ltr'>Π</span> <span class='ocrx_word' id='word_1_309' title='bbox 1104 2536 1238 2572; x_wconf 78' lang='lat' dir='ltr'>parles.</span> <span class='ocrx_word' id='word_1_310' title='bbox 1271 2542 1355 2573; x_wconf 72' lang='lat' dir='ltr'>qnae</span> <span class='ocrx_word' id='word_1_311' title='bbox 1386 2535 1505 2571; x_wconf 72' lang='lat' dir='ltr'>postea</span> <span class='ocrx_word' id='word_1_312' title='bbox 1533 2531 1649 2570; x_wconf 73' lang='lat' dir='ltr'>fac-tae</span> 
     </span>
    </p>
   </div>
   <div class='ocr_carea' id='block_1_6' title="bbox 79 2578 1643 2629">
    <p class='ocr_par' dir='ltr' id='par_1_7' title="bbox 79 2578 1643 2629">
     <span class='ocr_line' id='line_1_37' title="bbox 79 2578 1643 2629; baseline -0.001 -11"><span class='ocrx_word' id='word_1_313' title='bbox 79 2612 86 2617; x_wconf 45' lang='lat' dir='ltr'><strong><em>s</em></strong></span> <span class='ocrx_word' id='word_1_314' title='bbox 133 2592 207 2619; x_wconf 64' lang='lat' dir='ltr'>sunt</span> <span class='ocrx_word' id='word_1_315' title='bbox 236 2588 306 2625; x_wconf 74' lang='lat' dir='ltr'>Tr,</span> <span class='ocrx_word' id='word_1_316' title='bbox 334 2591 458 2620; x_wconf 70' lang='lat' dir='ltr'>clarius</span> <span class='ocrx_word' id='word_1_317' title='bbox 482 2594 645 2620; x_wconf 74' lang='lat' dir='ltr'>monstrat</span> <span class='ocrx_word' id='word_1_318' title='bbox 669 2589 706 2619; x_wconf 89' lang='grc' dir='ltr'>ΙΙ</span> <span class='ocrx_word' id='word_1_319' title='bbox 730 2589 795 2619; x_wconf 71' lang='lat' dir='ltr'>sie:</span> <span class='ocrx_word' id='word_1_320' title='bbox 834 2586 910 2627; x_wconf 83' lang='grc' dir='ltr'>ἹΓ).</span> <span class='ocrx_word' id='word_1_321' title='bbox 948 2589 1034 2619; x_wconf 79' lang='lat' dir='ltr'>mide</span> <span class='ocrx_word' id='word_1_322' title='bbox 1061 2582 1213 2629; x_wconf 66' lang='lat' dir='ltr'>ei&#39;y&#39;neat’</span> <span class='ocrx_word' id='word_1_323' title='bbox 1251 2588 1344 2626; x_wconf 72' lang='grc' dir='ltr'><em>,Ιυ(·.,</em></span> <span class='ocrx_word' id='word_1_324' title='bbox 1384 2579 1577 2627; x_wconf 64' lang='grc' dir='ltr'>τάγγύθεν</span> <span class='ocrx_word' id='word_1_325' title='bbox 1610 2578 1643 2617; x_wconf 72' lang='grc' dir='ltr'>δ’</span> 
     </span>
    </p>
   </div>
   <div class='ocr_carea' id='block_1_7' title="bbox 133 2642 1649 2968">
    <p class='ocr_par' dir='ltr' id='par_1_8' title="bbox 133 2642 1649 2968">
     <span class='ocr_line' id='line_1_38' title="bbox 140 2642 1601 2686; baseline -0.001 -12"><span class='ocrx_word' id='word_1_326' title='bbox 140 2644 299 2676; x_wconf 75' lang='lat' dir='ltr'>Valcken.</span> <span class='ocrx_word' id='word_1_327' title='bbox 339 2642 354 2686; x_wconf 94' lang='grc' dir='ltr'>Η</span> <span class='ocrx_word' id='word_1_328' title='bbox 393 2646 433 2675; x_wconf 75' lang='lat'>14</span> <span class='ocrx_word' id='word_1_329' title='bbox 465 2645 739 2676; x_wconf 83' lang='lat' dir='ltr'>circinationem</span> <span class='ocrx_word' id='word_1_330' title='bbox 774 2645 852 2676; x_wconf 74' lang='lat' dir='ltr'>EG:</span> <span class='ocrx_word' id='word_1_331' title='bbox 892 2644 1117 2676; x_wconf 85' lang='lat' dir='ltr'>circitionem</span> <span class='ocrx_word' id='word_1_332' title='bbox 1158 2644 1194 2675; x_wconf 90' lang='lat' dir='ltr'>Il</span> <span class='ocrx_word' id='word_1_333' title='bbox 1225 2644 1286 2682; x_wconf 71' lang='lat' dir='ltr'>(L,</span> <span class='ocrx_word' id='word_1_334' title='bbox 1320 2644 1513 2675; x_wconf 76' lang='lat' dir='ltr'>circionem</span> <span class='ocrx_word' id='word_1_335' title='bbox 1545 2643 1601 2681; x_wconf 74' lang='lat' dir='ltr'>le).</span> 
     </span>
     <span class='ocr_line' id='line_1_39' title="bbox 135 2698 1649 2744; baseline -0.001 -13"><span class='ocrx_word' id='word_1_336' title='bbox 135 2702 174 2733; x_wconf 83' lang='lat'>17</span> <span class='ocrx_word' id='word_1_337' title='bbox 202 2711 411 2742; x_wconf 84' lang='lat' dir='ltr'>proxumam</span> <span class='ocrx_word' id='word_1_338' title='bbox 440 2702 475 2732; x_wconf 90' lang='lat' dir='ltr'>Il</span> <span class='ocrx_word' id='word_1_339' title='bbox 500 2700 576 2743; x_wconf 79' lang='lat' dir='ltr'>(L)</span> <span class='ocrx_word' id='word_1_340' title='bbox 602 2699 617 2744; x_wconf 92' lang='grc' dir='ltr'>Η</span> <span class='ocrx_word' id='word_1_341' title='bbox 640 2701 916 2732; x_wconf 84' lang='lat' dir='ltr'>circinationem</span> <span class='ocrx_word' id='word_1_342' title='bbox 938 2701 1016 2732; x_wconf 74' lang='lat' dir='ltr'>EG:</span> <span class='ocrx_word' id='word_1_343' title='bbox 1044 2700 1265 2732; x_wconf 82' lang='lat' dir='ltr'>circitioncm</span> <span class='ocrx_word' id='word_1_344' title='bbox 1295 2700 1329 2730; x_wconf 91' lang='lat' dir='ltr'>ll</span> <span class='ocrx_word' id='word_1_345' title='bbox 1356 2700 1410 2737; x_wconf 72' lang='lat' dir='ltr'>(L.</span> <span class='ocrx_word' id='word_1_346' title='bbox 1435 2700 1498 2729; x_wconf 73' lang='lat' dir='ltr'>sed</span> <span class='ocrx_word' id='word_1_347' title='bbox 1523 2698 1649 2730; x_wconf 76' lang='lat' dir='ltr'>circui-</span> 
     </span>
     <span class='ocr_line' id='line_1_40' title="bbox 133 2753 1647 2798; baseline -0.001 -11"><span class='ocrx_word' id='word_1_348' title='bbox 133 2757 269 2788; x_wconf 82' lang='lat' dir='ltr'>tionem</span> <span class='ocrx_word' id='word_1_349' title='bbox 295 2757 347 2789; x_wconf 77' lang='grc' dir='ltr'><em>Ιιίο</em></span> <span class='ocrx_word' id='word_1_350' title='bbox 372 2758 434 2794; x_wconf 69' lang='lat' dir='ltr'>LC,</span> <span class='ocrx_word' id='word_1_351' title='bbox 469 2757 662 2789; x_wconf 83' lang='lat' dir='ltr'>circionem</span> <span class='ocrx_word' id='word_1_352' title='bbox 688 2758 745 2796; x_wconf 71' lang='lat' dir='ltr'>le).</span> <span class='ocrx_word' id='word_1_353' title='bbox 782 2755 796 2798; x_wconf 93' lang='grc' dir='ltr'>Η</span> <span class='ocrx_word' id='word_1_354' title='bbox 839 2758 878 2787; x_wconf 75' lang='grc'>18</span> <span class='ocrx_word' id='word_1_355' title='bbox 904 2756 1057 2788; x_wconf 85' lang='lat' dir='ltr'>celerius</span> <span class='ocrx_word' id='word_1_356' title='bbox 1088 2756 1257 2789; x_wconf 79' lang='lat' dir='ltr'>videntur</span> <span class='ocrx_word' id='word_1_357' title='bbox 1291 2755 1389 2785; x_wconf 68' lang='lat' dir='ltr'>mill</span> <span class='ocrx_word' id='word_1_358' title='bbox 1420 2753 1647 2796; x_wconf 75' lang='lat' dir='ltr'>(percurrere</span> 
     </span>
     <span class='ocr_line' id='line_1_41' title="bbox 134 2809 1648 2855; baseline -0.001 -11"><span class='ocrx_word' id='word_1_359' title='bbox 134 2815 194 2845; x_wconf 72' lang='lat' dir='ltr'>ins.</span> <span class='ocrx_word' id='word_1_360' title='bbox 220 2814 312 2851; x_wconf 63' lang='lat' dir='ltr'>⁷loc„</span> <span class='ocrx_word' id='word_1_361' title='bbox 344 2813 539 2855; x_wconf 76' lang='lat' dir='ltr'>pervagari</span> <span class='ocrx_word' id='word_1_362' title='bbox 570 2824 629 2855; x_wconf 73' lang='lat'>⁶¹90</span> <span class='ocrx_word' id='word_1_363' title='bbox 662 2818 695 2845; x_wconf 80' lang='lat' dir='ltr'>ut</span> <span class='ocrx_word' id='word_1_364' title='bbox 720 2825 753 2853; x_wconf 84' lang='lat' dir='ltr'>p.</span> <span class='ocrx_word' id='word_1_365' title='bbox 781 2815 865 2852; x_wconf 65' lang='grc'>224,</span> <span class='ocrx_word' id='word_1_366' title='bbox 892 2812 938 2853; x_wconf 87' lang='grc'>1).</span> <span class='ocrx_word' id='word_1_367' title='bbox 970 2811 985 2854; x_wconf 91' lang='grc' dir='ltr'>Η</span> <span class='ocrx_word' id='word_1_368' title='bbox 1017 2823 1140 2844; x_wconf 86' lang='lat' dir='ltr'>earum</span> <span class='ocrx_word' id='word_1_369' title='bbox 1166 2814 1236 2843; x_wconf 42' lang='lat' dir='ltr'>ed:</span> <span class='ocrx_word' id='word_1_370' title='bbox 1269 2822 1388 2842; x_wconf 81' lang='lat' dir='ltr'>eornm</span> <span class='ocrx_word' id='word_1_371' title='bbox 1415 2811 1526 2843; x_wconf 81' lang='lat' dir='ltr'>Elill.</span> <span class='ocrx_word' id='word_1_372' title='bbox 1562 2809 1576 2853; x_wconf 93' lang='grc' dir='ltr'>Η</span> <span class='ocrx_word' id='word_1_373' title='bbox 1606 2813 1648 2843; x_wconf 75' lang='grc'>22</span> 
     </span>
     <span class='ocr_line' id='line_1_42' title="bbox 134 2866 1647 2910; baseline -0.001 -10"><span class='ocrx_word' id='word_1_374' title='bbox 134 2869 203 2900; x_wconf 88' lang='lat' dir='ltr'>imo</span> <span class='ocrx_word' id='word_1_375' title='bbox 229 2880 289 2910; x_wconf 66' lang='lat' dir='ltr'>eqo</span> <span class='ocrx_word' id='word_1_376' title='bbox 316 2869 374 2910; x_wconf 84' lang='lat' dir='ltr'>(ab</span> <span class='ocrx_word' id='word_1_377' title='bbox 401 2870 471 2901; x_wconf 89' lang='lat' dir='ltr'>imo</span> <span class='ocrx_word' id='word_1_378' title='bbox 498 2869 631 2909; x_wconf 72' lang='lat' dir='ltr'>Solen.):</span> <span class='ocrx_word' id='word_1_379' title='bbox 658 2870 693 2900; x_wconf 89' lang='lat' dir='ltr'>in</span> <span class='ocrx_word' id='word_1_380' title='bbox 721 2869 791 2899; x_wconf 74' lang='lat' dir='ltr'>imo</span> <span class='ocrx_word' id='word_1_381' title='bbox 820 2869 929 2903; x_wconf 70' lang='lat' dir='ltr'>mill,</span> <span class='ocrx_word' id='word_1_382' title='bbox 961 2866 976 2910; x_wconf 91' lang='grc' dir='ltr'>Η</span> <span class='ocrx_word' id='word_1_383' title='bbox 1007 2871 1049 2901; x_wconf 75' lang='lat'>‘25</span> <span class='ocrx_word' id='word_1_384' title='bbox 1079 2868 1312 2900; x_wconf 74' lang='lat' dir='ltr'>nihilominus</span> <span class='ocrx_word' id='word_1_385' title='bbox 1347 2867 1407 2897; x_wconf 71' lang='lat' dir='ltr'>Er:</span> <span class='ocrx_word' id='word_1_386' title='bbox 1438 2867 1514 2908; x_wconf 83' lang='lat' dir='ltr'>(L):</span> <span class='ocrx_word' id='word_1_387' title='bbox 1557 2867 1647 2900; x_wconf 89' lang='lat' dir='ltr'>nihil</span> 
     </span>
     <span class='ocr_line' id='line_1_43' title="bbox 135 2924 906 2968; baseline 0 -12"><span class='ocrx_word' id='word_1_388' title='bbox 135 2925 252 2956; x_wconf 82' lang='lat' dir='ltr'>minus</span> <span class='ocrx_word' id='word_1_389' title='bbox 283 2926 318 2956; x_wconf 91' lang='lat' dir='ltr'>ll</span> <span class='ocrx_word' id='word_1_390' title='bbox 350 2925 420 2967; x_wconf 74' lang='lat' dir='ltr'>(le).</span> <span class='ocrx_word' id='word_1_391' title='bbox 454 2924 469 2968; x_wconf 93' lang='grc' dir='ltr'>Η</span> <span class='ocrx_word' id='word_1_392' title='bbox 502 2925 693 2957; x_wconf 71' lang='lat' dir='ltr'>adversus:</span> <span class='ocrx_word' id='word_1_393' title='bbox 717 2927 766 2957; x_wconf 75' lang='lat' dir='ltr'>sie</span> <span class='ocrx_word' id='word_1_394' title='bbox 796 2925 906 2956; x_wconf 84' lang='lat' dir='ltr'><em>EGII.</em></span> 
     </span>
    </p>
   </div>
  </div>
 </body>
</html>
