1899 3322
607 224 668 254 DE
702 224 1058 256 ARefflTEc'mRA
1091 227 1180 256 [ΑΒ.
1213 228 1255 256 v.
1606 218 1684 258 119

163 333 258 383 pter
297 341 449 378 usum,
489 326 552 366 uti
591 325 754 380 gradus
793 325 1039 367 diazomata
1078 328 1243 384 pluteos
1283 330 1438 370 itinera
1476 344 1681 371 aseensus

162 393 331 452 pulpita
362 392 596 434 tribunalia
628 398 670 433 et
700 394 736 433 si
769 407 853 448 qua
883 392 969 433 alia
999 395 1290 436 intercurrunt
1328 411 1382 436 ex
1421 397 1578 452 quibus
1608 413 1680 439 ne-

162 462 342 502 cessitas
382 462 497 516 eogit
537 459 760 501 discedere
799 459 853 501 ab
893 463 1144 516 symmetria
1183 477 1236 502 ne
1274 464 1523 519 inpediatur
1561 481 1679 507 usus.

161 545 246 571 non
277 530 419 570 minus
451 529 487 569 si
519 543 603 584 qua
635 528 852 582 exiguitas
885 529 1119 584 copiarum,
1152 530 1196 569 id
1229 538 1291 571 cst
1325 534 1561 584 marmoris,
1592 547 1678 573 ma-

160 597 293 637 teriae
313 595 664 652 reliquarumque
683 610 827 635 rerum
854 610 964 651 quae
985 603 1213 652 parantur,
1245 598 1289 637 in
1320 613 1447 653 opere
1478 600 1679 653 defuerit,
1707 614 1725 643 5

159 664 335 721 paulum
358 663 529 704 demere
559 670 633 704 aut
664 662 835 703 adicere
844 696 855 716 7
889 662 993 703 dum
1022 664 1068 704 id
1098 678 1152 704 ne
1182 664 1363 705 nimium
1394 667 1574 723 inprobe
1605 669 1679 709 fiat

159 732 234 773 sed
273 746 370 772 cum
400 745 551 785 sensu,
585 746 672 772 non
703 731 784 771 erit
814 729 1016 775 alienum,
1077 733 1158 772 hoc
1188 738 1332 772 autem
1363 735 1443 774 erit
1475 736 1509 775 si
1541 736 1677 776 archi-

158 806 295 840 tectus
319 800 399 839 erit
429 814 510 839 usu
541 800 728 854 peritus,
761 804 985 854 praeterea
1016 799 1190 853 ingenio
1221 799 1371 840 mobili
1403 800 1678 858 sollertiaque

156 882 241 908 non
264 866 404 907 ‘fuerit
436 866 656 907 viduatus.

112 944 132 975 8
270 934 397 990 Ipsae
418 941 562 975 autem
585 948 766 975 scaenae
797 948 895 975 suas
928 933 1089 975 habent
1120 936 1308 976 rationes
1343 935 1581 991 explicatas
1614 939 1673 978 ita
1703 951 1744 981 ιο

156 1003 219 1043 uti
259 1002 427 1042 mediae
466 1001 622 1042 valvae
653 1008 827 1042 ornatus
859 1001 1048 1043 habeant
1079 1002 1203 1043 aulae
1234 1004 1402 1057 regiae,
1442 1004 1597 1045 dextra
1627 1020 1675 1045 ac

156 1071 337 1111 sinistra
362 1069 617 1126 hospitalia,
651 1068 889 1110 secundum
920 1076 1064 1110 autem
1097 1071 1238 1126 spatia
1268 1070 1324 1111 ad
1355 1077 1531 1113 ornatus
1564 1088 1674 1114 com-

155 1144 326 1194 parata,
377 1152 485 1193 quae
527 1137 622 1179 loca
653 1136 811 1178 Graeci
857 1152 1125 1190 περιακτους
1169 1138 1320 1179 dicunt
1364 1138 1419 1179 ab
1465 1154 1512 1180 eo
1560 1141 1675 1195 quod

152 1205 377 1246 machinae
414 1211 513 1246 sunt
551 1206 596 1245 in
626 1204 692 1245 his
726 1204 829 1246 locis
862 1204 1091 1247 versatiles
1122 1207 1319 1260 trigonoe
1350 1206 1557 1248 habentes
1589 1209 1674 1248 sin-

152 1272 279 1328 gulae
318 1280 404 1314 tres
443 1274 609 1328 species
643 1274 901 1326 ornationis,
936 1288 1044 1328 quae
1076 1288 1173 1313 cum
1203 1280 1277 1314 aut
1308 1273 1551 1315 fabularum
1583 1291 1672 1315 mu-
1703 1289 1743 1318 15

154 1342 337 1382 tationes
379 1347 479 1381 sunt
518 1339 688 1380 futurae
727 1355 802 1381 seu
841 1340 1019 1381 deorum
1056 1341 1272 1381 adventus
1314 1356 1409 1381 cum
1442 1343 1674 1384 tonitribus

152 1402 410 1464 repentinis,
443 1414 672 1448 versentur
691 1414 945 1464 mutentque
966 1409 1155 1464 speciem
1177 1410 1412 1449 ornationis
1444 1410 1489 1450 in
1519 1409 1674 1451 fronte.

153 1477 391 1517 secundum
422 1490 471 1516 ea
502 1475 594 1517 loca
624 1490 829 1516 versurae
860 1482 959 1517 sunt
990 1483 1305 1532 procurrentes,
1339 1491 1447 1532 quae
1479 1477 1674 1518 efficiunt

151 1559 237 1585 una
281 1559 306 1584 a
351 1543 464 1597 foro7
510 1542 645 1584 altera
676 1557 701 1582 a
732 1557 910 1598 peregre
954 1544 1099 1584 aditus
1144 1545 1189 1584 in
1233 1559 1446 1585 scaenam.
1514 1560 1673 1600 genera
1699 1556 1785 1589 VIII

151 1619 294 1652 autem
325 1618 425 1653 sunt
443 1626 697 1652 scaenarum
720 1611 817 1664 tria,
850 1625 984 1651 unum
1016 1611 1130 1667 quod
1162 1612 1322 1652 dicitur
1352 1613 1580 1667 tragicum,
1612 1613 1671 1653 al-
1698 1627 1741 1656 -20

152 1687 289 1720 terum
328 1680 560 1732 comicum⁷
600 1679 775 1719 tertium
812 1679 1061 1734 satyricum.
1129 1679 1281 1720 horum
1320 1686 1464 1721 autem
1495 1687 1672 1721 ornatus

151 1754 251 1787 sunt
281 1748 393 1787 inter
423 1761 468 1787 se
499 1745 703 1786 dissimili
735 1745 985 1801 disparique
1015 1747 1195 1799 ratione,
1229 1747 1344 1802 quod
1376 1749 1566 1802 tragicae
1597 1739 1668 1789 de-

150 1815 389 1856 formantur
428 1812 636 1854 columnis
678 1820 719 1853 ct
763 1812 951 1867 fastigiis
992 1820 1033 1855 et
1071 1815 1207 1868 signis
1245 1813 1510 1871 reliquisque
1546 1830 1668 1871 rega-

150 1882 262 1923 libus
285 1881 429 1934 rebus,
463 1882 651 1921 comicae
683 1886 828 1920 autem
857 1880 1154 1923 aedificiorum
1184 1883 1453 1938 privatorum
1485 1890 1526 1924 et
1556 1899 1668 1924 mae-

149 1951 375 1990 nianorum
414 1948 573 1990 habent
611 1949 800 2003 speciem
830 1956 1170 2004 prospectusque
1202 1950 1403 1991 fenestris
1436 1951 1668 2007 dispositos
1695 1966 1736 1995 25

150 2018 390 2057 imitatione
412 2016 703 2057 communium
723 2015 1018 2057 aedificiorum
1039 2017 1301 2070 rationibus,
1331 2019 1544 2073 satyricae
1567 2034 1668 2059 vero

150 2091 356 2126 ornantur
377 2083 603 2124 arboribus
634 2082 846 2139 speluncis
878 2084 1096 2125 montibus
1129 2085 1394 2141 reliquisque
1424 2087 1667 2141 agrestibus

150 2152 275 2193 rebus
308 2153 352 2192 in
382 2151 555 2207 topiarii
586 2151 773 2207 speciem
805 2150 1071 2193 deformatis.

28 2225 121 2265 (VII)
261 2220 312 2261 In
334 2218 598 2260 Graecorum
629 2218 808 2259 theatris
839 2234 925 2260 non
954 2221 1096 2261 onmia
1126 2220 1265 2261 isdem
1295 2220 1537 2262 rationibus
1570 2229 1669 2263 sunt

243 2358 255 2386 l
283 2356 599 2389 ‹flammata-loa:
626 2355 833 2388 diazumata
861 2356 937 2390 GH.
962 2355 977 2399 ΙΙ
999 2360 1018 2389 3
1045 2358 1089 2389 ab
1110 2359 1320 2398 symmetria
1341 2359 1406 2389 Gll
1431 2358 1486 2396 (L.
1513 2359 1558 2390 ad
1573 2369 1665 2400 syni-

149 2413 278 2444 metria
305 2411 362 2454 le).
400 2410 414 2454 ΙΙ
453 2413 472 2444 5
498 2412 659 2443 defuerit
685 2412 794 2443 Marx
827 2413 946 2443 —rint
972 2413 1049 2446 Gll.
1081 2410 1098 2456 Π
1129 2415 1170 2445 10
1196 2414 1399 2455 explicatas
1418 2416 1486 2445 edm
1514 2415 1664 2456 explici-

148 2472 205 2500 tas
235 2469 310 2500 Gll.
341 2466 355 2509 ΙΙ
390 2470 429 2500 13
454 2469 639 2510 periactus
667 2469 732 2500 GH
758 2466 813 2509 (le,
841 2468 1049 2509 perliactus
1076 2470 1134 2510 L).
1158 2468 1172 2512 [Ι
1198 2471 1238 2501 14
1264 2471 1428 2511 trigonoe
1455 2470 1572 2501 Solum:
1600 2472 1662 2502 tri<

148 2534 261 2565 gones
290 2524 327 2561 G,
353 2525 516 2563 trigonos
542 2525 577 2555 ll
602 2522 707 2565 (hle).
735 2522 750 2566 Η
778 2524 946 2565 singulae
974 2526 1083 2559 Μαι-,ε
1111 2526 1298 2567 insingula
1325 2526 1391 2557 (ill
1416 2526 1510 2565 (fort.
1538 2526 1573 2557 iu
1592 2527 1663 2558 sin-

148 2580 233 2621 gula
257 2579 405 2619 latera).
441 2577 455 2621 ΙΙ
490 2581 529 2612 15
555 2581 825 2621 ornationisque
849 2586 926 2612 ante
951 2591 1041 2613 corr.
1070 2582 1114 2613 G:
1141 2582 1419 2622 ornatienesquc
1447 2583 1481 2612 ll
1507 2579 1612 2623 (Mo),
1643 2582 1657 2625 Ι

147 2637 364 2668 mutationes
392 2636 418 2667 G
449 2634 530 2677 (L):
557 2637 768 2668 mutationis
792 2637 831 2667 Il
857 2636 936 2677 (elz).
971 2634 985 2678 ΙΙ
1020 2639 1061 2669 17
1087 2637 1363 2679 1·epe11ti11is1ea
1394 2640 1585 2669 vers-entur
1620 2640 1660 2680 G,

147 2690 393 2735 relpentinisc
427 2695 642 2723 aversentur
666 2692 704 2723 II
735 2690 793 2732 (lc,
828 2694 1030 2734 repentinis
1062 2698 1277 2725 aversentur
1302 2694 1358 2733 L).
1409 2704 1452 2724 ea
1485 2693 1545 2733 (ew
1566 2694 1662 2733 falsa

146 2749 357 2780 distinctione
383 2759 409 2779 υ.
432 2750 472 2780 15
497 2748 777 2789 ornationesquc
794 2772 800 2779 .
817 2758 897 2779 cuin
917 2773 922 2779 .
941 2773 947 2779 .
966 2749 1128 2791 additum)
1148 2751 1211 2782 del.
1233 2751 1284 2782 ed.
1308 2747 1322 2791 ΙΙ
1345 2750 1381 2779 iu
1401 2749 1518 2780 fronte
1538 2750 1660 2782 Poma:

146 2804 183 2835 in
208 2805 345 2836 frontes
373 2804 447 2835 Gll.
481 2801 496 2846 Η
530 2806 569 2835 1¹.)
601 2815 734 2845 apgere
763 2805 800 2835 (ι’.
833 2802 847 2846 [l
886 2805 1035 2847 insecat-1
1060 2806 1109 2837 bis
1131 2807 1242 2846 posuit
1269 2807 1295 2835 [ι’
1321 2804 1430 2846 (μνία-κ·
1456 2806 1519 2838 del.
1549 2805 1622 2846 Gss).
1643 2804 1657 2846 Η

146 2859 188 2890 -25
213 2863 426 2901 prospectus
452 2862 504 2891 ecl.
537 2861 636 2892 Ven.:
664 2860 846 2901 profectus
874 2861 949 2893 (ill.
988 2858 1002 2903 11
1040 2863 1082 2893 28
1115 2862 1151 2892 iu
1184 2861 1314 2902 topiari
1347 2860 1480 2901 (operis
1510 2862 1582 2894 -Ιοσ,
1610 2863 1657 2902 cf.

147 2915 233 2946 Plin.
263 2917 318 2953 35,
345 2915 440 2955 110):
467 2916 654 2958 iutepeodi
681 2916 755 2946 (ill.
791 2913 804 2958 Η
835 2915 1048 2948 deformatis
1073 2918 1163 2948 dou:
1191 2917 1265 2947 —ti
1291 2916 1366 2947 GH.
