1899 3322
0 1633 2 1640 ι

66 892 142 933 (IX)

130 1435 149 1465 10

603 236 664 265 DE
696 234 1047 265 ARCHITECTURA
1082 234 1170 264 LIB.
1202 237 1242 264 x.
1597 218 1678 260 263

165 339 407 383 obturando
451 338 663 379 foramina
700 336 877 378 alternis
921 334 1179 392 aperiundo,
1228 349 1250 375 e
1293 333 1468 375 musicis
1514 331 1680 373 artibus

164 406 478 465 multiplicibus
499 404 770 447 modulorum
798 403 1079 445 varietatibus
1103 409 1302 444 sonantes
1326 402 1518 442 excitant
1539 414 1681 441 voces.
1722 424 1726 429 ·

280 475 503 528 Quantum
533 473 653 530 potui
683 473 765 513 niti
794 478 842 513 ut
872 472 1055 512 obscura
1084 485 1151 510 res
1183 485 1259 527 per
1281 470 1539 525 scripturam
1571 466 1680 508 dilu-

167 544 262 586 cide
292 542 644 599 pronuntiaretur
675 540 898 592 contendi,
938 538 1014 579 sed
1051 538 1156 578 baec
1186 552 1272 578 non
1303 543 1365 578 est
1397 535 1537 576 facilis
1572 535 1682 575 ratio

167 625 307 667 neque
329 608 528 651 omnibus
552 609 758 665 expedita
787 607 843 648 ad
864 605 1203 660 intellegendum
1233 611 1402 660 praeter
1434 618 1504 644 eos
1536 603 1610 658 qui
1640 602 1684 641 in

167 680 234 720 his
274 676 506 733 generibus
543 676 703 718 habent
742 675 1110 716 exercitationem.
1178 672 1292 728 quod
1339 672 1375 712 si
1420 672 1492 727 qui
1533 683 1685 725 parum

167 745 431 788 intellexerit
454 758 509 785 ex
529 745 717 801 scriptis,
750 758 847 784 cum
867 743 1001 799 ipsam
1025 755 1115 781 rem
1137 745 1367 794 cognoscet
1398 738 1590 795 profecto
1621 737 1684 776 in-

169 815 314 855 veniet
345 813 512 853 curiose
543 818 585 852 et
616 811 834 853 subtiliter
864 810 1005 851 omnia
1034 808 1246 849 ordinata.

283 879 562 921 Transfertur
599 894 711 919 nunc
752 878 955 933 cogitatio
994 876 1233 931 scripturae
1269 874 1324 914 ad
1362 873 1571 913 rationem
1603 886 1687 912 non

170 948 369 991 inutilem
407 947 483 988 sed
521 962 684 987 summa
723 945 912 987 sollertia
948 959 973 984 a
1003 942 1234 984 maioribus
1266 941 1491 991 traditam,
1531 954 1613 994 qua
1644 939 1688 978 in

172 1018 245 1057 via
274 1016 378 1056 reda-
409 1014 606 1056 sedentes
645 1013 715 1054 vel
750 1013 860 1054 mari
897 1012 1152 1066 navigantes
1191 1009 1301 1051 scire
1339 1008 1553 1064 possimus
1586 1012 1690 1061 quot

172 1083 291 1125 milia
321 1097 498 1123 numero
529 1081 698 1122 itineris
729 1080 972 1121 fecerimus.
1032 1079 1112 1119 hoc
1142 1083 1285 1118 autem
1317 1077 1398 1116 crit
1437 1076 1511 1115 sic.
1572 1079 1691 1114 rotae

173 1165 283 1208 quae
315 1156 439 1191 erunt
469 1151 513 1190 in
543 1148 647 1190 reda
679 1149 765 1189 sint
795 1147 907 1188 latae
937 1161 1014 1203 per
1043 1145 1230 1186 mediam
1262 1143 1502 1184 diametron
1532 1140 1691 1197 pedum

174 1225 444 1276 quaternum,
475 1224 522 1257 ut
554 1231 649 1257 cum
667 1216 835 1256 finitum
856 1214 995 1256 locum
1026 1214 1183 1254 habeat
1214 1212 1259 1252 in
1289 1226 1333 1252 sc
1354 1216 1448 1251 rota
1479 1208 1534 1249 ab
1557 1222 1691 1263 eoque

173 1287 353 1342 incipiat
383 1284 664 1340 progrediens
704 1283 749 1323 in
781 1282 869 1324 solo
900 1283 999 1322 viae
1035 1281 1174 1321 facere
1206 1279 1507 1330 versationem,
1540 1290 1690 1332 perve-

173 1353 331 1395 niendo
362 1351 417 1392 ad
449 1366 540 1392 eam
572 1351 809 1392 finitionem
839 1365 864 1390 a
894 1365 977 1406 qua
998 1348 1188 1404 coeperit
1215 1346 1382 1387 versari
1412 1351 1575 1385 certum
1606 1358 1692 1383 mo-

176 1423 278 1463 dum
311 1420 438 1477 spatii
467 1418 626 1460 habeat
656 1425 878 1474 peractum
908 1418 1040 1473 pedes
1072 1428 1140 1456 XII
1157 1427 1192 1457 S.
1239 1414 1306 1454 his
1337 1413 1397 1453 ita
1426 1410 1692 1467 praeparatis

175 1497 277 1531 tunc
299 1489 343 1529 in
373 1493 490 1528 rotae
520 1485 707 1527 modiolo
747 1485 802 1526 ad
832 1492 999 1541 partem
1037 1483 1286 1524 interiorem
1324 1487 1579 1536 tympanum
1610 1483 1693 1517 sta-

175 1556 323 1598 biliter
362 1553 608 1595 includatur
646 1553 807 1594 habens
846 1559 969 1593 extra
1005 1551 1192 1592 frontem
1237 1562 1339 1589 suae
1378 1545 1694 1588 rotundationis

180 1630 401 1666 extantem
432 1620 697 1662 denticulum
729 1635 876 1660 unum.
936 1620 1113 1673 insuper
1149 1623 1294 1658 autem
1332 1614 1387 1655 ad
1426 1628 1599 1669 capsum
1630 1626 1694 1652 re-

179 1693 259 1733 dae
291 1689 621 1732 loculamentum
652 1688 831 1728 firmiter
868 1687 1024 1742 figatur
1062 1685 1225 1726 habens
1264 1690 1518 1740 tympanum
1554 1694 1696 1720 versa-

179 1759 255 1802 tile
286 1759 330 1798 in
362 1756 498 1798 cultro
531 1755 799 1797 conlocatum
832 1761 872 1795 ct
903 1755 947 1794 in
980 1753 1150 1794 axiculo
1181 1750 1451 1801 conclusum,
1494 1749 1538 1788 in
1577 1746 1696 1787 cuius

179 1826 376 1883 tympani
412 1824 553 1866 fronte
592 1822 799 1864 denticuli
844 1821 1123 1878 perficiantur
1167 1817 1407 1874 aequaliter
1452 1815 1584 1855 divisi
1622 1829 1696 1854 nu-

180 1910 296 1936 mero
328 1892 633 1950 quadringenti
664 1891 968 1932 convenientes
1001 1884 1435 1942 denticulo'tympani
1466 1882 1696 1924 inferioris.

182 1968 403 2019 practerea
441 1959 652 2016 superiori
690 1965 895 2015 tympano
934 1956 989 1997 ad
1020 1955 1132 1997 latus
1170 1954 1328 2009 figatur
1365 1951 1473 1992 alter
1504 1950 1697 1990 denticu-
1724 1958 1742 1986 ζ’

182 2030 248 2071 lus
280 2029 526 2085 prominens
558 2033 682 2068 extra
712 2025 876 2066 dentes.
917 2038 1045 2080 super
1066 2029 1210 2064 autem
1240 2028 1494 2077 tympanum
1527 2016 1698 2074 planum

278 2258 290 2287 1
321 2254 522 2287 obturando
549 2254 651 2285 plait:
684 2253 863 2284 obdurant
891 2252 933 2288 G,
959 2253 1132 2292 opturant
1159 2251 1194 2280 ll
1218 2248 1274 2288 (L,
1300 2248 1471 2279 obturant
1494 2247 1519 2278 l.
1547 2254 1606 2275 om.
1633 2254 1703 2274 eam

186 2325 280 2355 seqq,
306 2313 352 2343 ml
375 2323 403 2342 υ.
431 2310 584 2342 alternis
609 2308 674 2349 ele).
699 2306 712 2350 ΙΙ
737 2307 936 2349 aperiundo
964 2307 1001 2337 H
1025 2306 1127 2347 (file),
1157 2304 1352 2346 aperiendo
1381 2304 1418 2335 G.
1446 2298 1461 2342 Η
1495 2310 1512 2331 e
1539 2299 1702 2330 musicis:

187 2372 236 2401 sie
263 2368 338 2400 Gll.
364 2365 378 2408 ll
401 2370 421 2398 3
439 2365 606 2397 delucide
628 2365 695 2396 (ill
712 2364 767 2403 (L,
785 2363 846 2395 dil.
865 2363 920 2405 Ie).
952 2360 967 2404 Η
999 2363 1018 2393 6
1036 2364 1066 2393 si
1086 2362 1146 2403 qui
1173 2385 1179 2392 .
1200 2386 1206 2391 .
1228 2385 1234 2391 .
1260 2357 1496 2390 intellexerit:
1521 2356 1570 2386 sic
1590 2354 1666 2386 Gll.
1697 2352 1700 2395 Ι

190 2426 208 2456 7
235 2435 278 2456 ex
303 2424 338 2454 ll
365 2421 524 2463 (Gcl2l‹·):
558 2425 593 2452 et
618 2425 694 2451 mlle
712 2431 801 2452 vor-r.
831 2420 867 2453 G.
899 2417 913 2461 11
946 2416 1190 2460 cognosc&(et
1211 2417 1253 2454 G)
1282 2440 1289 2446 .
1309 2439 1315 2445 .
1338 2441 1344 2447 .
1372 2412 1627 2451 inmunem—ct
1644 2410 1702 2449 (r'):

189 2482 237 2512 sic
258 2480 334 2512 Gll.
357 2476 371 2521 ΙΙ
394 2480 413 2510 9
432 2478 682 2509 Transfertur:
709 2477 757 2507 sie
785 2476 894 2508 mill.
926 2476 987 2506 Ιιο(ἱ
1012 2478 1111 2515 caput
1137 2484 1239 2514 usque
1265 2473 1310 2503 ml
1328 2473 1387 2510 sin.
1415 2467 1462 2510 (μ.
1484 2469 1558 2502 206,
1586 2465 1620 2505 2)
1647 2466 1704 2496 Ιια-

191 2537 243 2568 bet
271 2536 313 2567 E.
346 2533 360 2577 Η
396 2536 434 2565 13
461 2536 565 2565 erunt
592 2537 669 2564 culte
695 2543 784 2564 corr.
811 2542 870 2564 οηι.
900 2532 937 2563 G.
970 2527 984 2572 ss
1017 2529 1171 2560 mcdiam
1202 2528 1403 2559 diametron
1428 2525 1518 2555 doe:
1553 2521 1705 2553 medium

194 2590 377 2631 diam&(et
397 2589 481 2630 (1¹)rfi
510 2588 623 2629 (——u¹n
652 2588 696 2627 E)
726 2588 835 2619 EGll.
868 2585 882 2629 Η
917 2587 956 2617 16
983 2586 1112 2617 linions:
1140 2585 1167 2616 G
1192 2583 1271 2623 (non
1300 2583 1355 2620 E).
1387 2578 1401 2622 l}
1434 2580 1472 2610 17
1499 2577 1625 2619 pedes:
1658 2578 1707 2608 sic

195 2648 298 2680 EGll
321 2644 466 2688 (pedum
491 2644 590 2683 doen).
627 2643 642 2685 Η
677 2644 745 2675 XII
772 2644 818 2675 .S.
848 2643 913 2672 (ill
939 2641 1048 2682 <l1lC):
1088 2641 1152 2672 XV
1181 2640 1228 2672 .S.
1258 2639 1298 2670 E.
1332 2636 1346 2679 ΙΙ
1380 2637 1418 2666 18
1450 2639 1536 2665 tunc
1566 2635 1644 2674 rotq
1679 2632 1707 2662 E

195 2705 274 2744 (non
295 2703 348 2744 G).
370 2699 384 2743 Η
408 2700 614 2732 interiorem
639 2700 730 2731 tloc-,z
759 2698 928 2729 inferiore
948 2697 1016 2727 Gll
1030 2696 1254 2737 (inferiorem
1269 2711 1310 2715 —
1326 2694 1508 2723 extantem
1533 2699 1593 2719 om.
1613 2688 1672 2727 E),
1690 2687 1705 2728 ll

195 2761 234 2791 21
269 2758 441 2791 versatile
479 2757 550 2788 ed.:
589 2755 703 2787 -sslcm
737 2754 827 2795 (mlo
856 2755 896 2793 (ι’)
932 2752 1041 2784 mill.
1075 2750 1089 2794 ΙΙ
1127 2753 1169 2783 22
1202 2748 1376 2781 inaxiculi
1408 2746 1482 2787 (sie)
1518 2744 1710 2785 pliciantur

197 2814 425 2856 (conclusum
439 2830 481 2834 ν-
500 2811 675 2843 denticuli
693 2812 766 2850 om.)
793 2810 835 2842 E.
857 2807 872 2850 Η
897 2811 938 2839 ’23
957 2809 1075 2839 fronte
1096 2808 1210 2840 Solon:
1240 2806 1391 2836 frontem
1413 2802 1506 2843 (—te
1526 2801 1567 2840 G)
1595 2800 1670 2833 Gll.
1692 2812 1693 2817 ¹

198 2871 241 2902 *24
265 2868 448 2901 denticulo
474 2870 519 2901 lv:
547 2868 645 2899 —los
674 2867 772 2897 la'ln'll
799 2865 907 2904 (Llelz,
933 2864 1012 2896 -10
1038 2866 1076 2904 lv,
1102 2863 1191 2893 ——lis
1217 2860 1316 2899 ΝΜ).
1349 2857 1364 2901 Η
1396 2859 1437 2889 ‘26
1463 2858 1707 2898 superantem

200 2926 346 2968 planum
374 2925 475 2957 EGll
505 2924 665 2966 (tertium
693 2926 899 2963 tympanum
925 2921 1004 2954 add.
1032 2920 1104 2952 doc.
1131 2923 1208 2949 ante
1234 2915 1407 2958 planum).
1449 2913 1493 2953 ef.
1518 2924 1551 2954 J).
1578 2913 1658 2947 205,
1681 2915 1708 2942 S.

1709 610 1728 640 021

1715 878 1800 909 XIV

1715 947 1756 977 10
