1899 3322
157 1042 238 1115 De
267 1071 372 1111 artis
404 1069 765 1112 architectonicae
785 1069 943 1126 peritia
970 1067 1105 1109 multa
1126 1067 1318 1109 oratione
1340 1067 1567 1109 Vitruvius

45 1139 165 1181 Polio
195 1137 356 1194 aliique
385 1144 583 1179 auctores
607 1137 894 1179 scientissime
915 1137 1140 1192 scripsere.
1193 1151 1344 1176 verum
1365 1151 1418 1176 ne
1440 1135 1568 1191 longa

46 1222 190 1249 eorum
223 1206 471 1262 disertaque
500 1205 705 1247 facundia
736 1204 1038 1246 humilioribus
1070 1205 1257 1259 ingeniis
1288 1202 1477 1244 alienum
1504 1204 1567 1244 fa-

46 1280 162 1315 ceret
193 1273 400 1327 studium,
432 1289 570 1330 pauca
602 1289 656 1314 ex
686 1273 753 1314 his
784 1272 993 1314 mediocri
1024 1271 1126 1312 licet
1157 1287 1353 1313 sermone
1383 1272 1568 1328 privatis

3 1348 22 1380 5
45 1342 197 1384 usibus
243 1356 395 1382 ornare
438 1341 521 1383 fuit
562 1341 802 1383 consilium.
863 1355 972 1396 quae
1010 1346 1153 1396 partes
1194 1341 1340 1395 itaque
1380 1339 1487 1380 caeli
1527 1345 1568 1380 et

44 1411 244 1466 regiones
282 1416 511 1450 ventorum
550 1409 744 1451 salubres
776 1407 985 1449 aedificiis
1019 1407 1250 1466 videantur
1281 1414 1322 1449 et
1354 1422 1438 1463 qua
1468 1407 1567 1448 sub—

44 1478 204 1520 tilitate
234 1477 380 1519 nocivi
409 1476 536 1518 flatus
568 1483 820 1518 avertantur
842 1476 1074 1532 aditusque
1095 1476 1320 1516 ianuarum
1343 1482 1385 1516 et
1406 1475 1568 1516 lumina

45 1546 246 1587 fenestris
278 1544 445 1586 utiliter
474 1546 744 1599 tribuantur,
785 1544 998 1600 quibusve
1029 1544 1241 1585 mensuris
1272 1543 1569 1584 aedificiorum

45 1613 237 1654 membra
269 1613 567 1669 disponantur,
601 1614 758 1670 quibus
791 1613 928 1667 signis
960 1612 1101 1652 tenuis
1123 1610 1436 1666 abundansque
1457 1625 1569 1666 aqua

1 1688 22 1720 0
45 1682 314 1734 inveniatur,
359 1680 444 1721 alia
485 1682 613 1722 etiam
651 1695 758 1737 quae
795 1678 1056 1720 aedificandi
1086 1679 1226 1734 gratia
1258 1680 1368 1719 scire
1399 1684 1568 1734 oportet

45 1749 172 1791 brevi
203 1749 508 1804 succinctaque
538 1749 785 1789 narratione
817 1762 1063 1802 cognosces,

157 1817 304 1858 Primo
343 1831 444 1871 ergo
490 1831 598 1872 quae
637 1816 853 1873 principia
890 1815 946 1855 ad
982 1814 1315 1855 architecturam
1352 1813 1570 1869 pertinere
1590 1824 1754 1855 viu-.1‚2.

46 1883 233 1926 debeant
278 1884 472 1926 studiose
516 1884 741 1926 attendere
779 1883 995 1924 convenit.
1057 1882 1200 1923 omnia
1238 1882 1353 1922 enim
1390 1879 1568 1932 pulchro

47 1953 201 1993 decore
230 1967 282 1992 ac
311 1959 495 1994 venusta
523 1951 712 1993 utilitate
742 1951 835 1991 fieri
867 1953 1092 2006 ¹poterunt,
1126 1950 1163 1991 si
1193 1948 1441 1989 antelmius
1462 1949 1568 1989 artis

3 2026 22 2059 5
46 2021 212 2077 peritus
252 2019 355 2061 ordo
395 2020 600 2061 discatur.
661 2034 761 2060 nam
798 2018 1114 2059 architecturae
1151 2023 1295 2073 partes
1328 2023 1427 2058 sunt
1458 2023 1568 2070 octo,

47 2103 156 2145 quae
186 2094 287 2129 sunt
324 2086 560 2141 ordinatio,
600 2087 853 2144 dispositio,
893 2091 1121 2137 venustas,
1160 2099 1382 2137 mensura,
1423 2083 1568 2124 distri-

46 2155 189 2208 butio,
236 2154 502 2208 aedificatio,
550 2154 810 2207 conlocatio,
857 2152 1133 2195 machinatio.
1197 2166 1252 2192 ex
1296 2151 1363 2192 his
1411 2150 1569 2191 Graeci

49 2225 238 2280 quinque
286 2221 510 2263 vocabulis
566 2222 759 2263 studium
812 2220 1130 2261 architecturae
1179 2234 1270 2260 esse
1317 2219 1567 2260 docuerunt.

47 2306 148 2332 nam
168 2289 484 2331 ordinationem
514 2288 654 2342 ταξιν,
687 2288 1017 2344 dispositionem
1044 2283 1265 2341 ὃὶαθεσιν,
1298 2293 1569 2327 venustatem

0 2366 25 2397 ιο
49 2365 91 2400 et
129 2358 328 2399 decorem
368 2361 643 2411 ευρυθμιατ),
702 2355 972 2411 modulorum
1015 2367 1236 2396 mensuras
1276 2366 1567 2408 συμμετριαν,

49 2426 400 2467 distributionem
432 2439 692 2477 οικουομιαν
722 2415 1067 2479 appellaverunt.
1126 2423 1338 2464 ordinatio
1371 2428 1436 2462 est
1468 2436 1568 2475 ergo

48 2493 337 2534 membrorum
369 2491 612 2547 dispositio,
646 2498 687 2531 et
709 2497 874 2533 constat
896 2505 951 2531 ex
973 2491 1228 2545 quantitate,
1262 2504 1386 2545 quam
1410 2488 1568 2530 Graeci

140 2700 160 2730 2
186 2698 432 2731 scientissime
448 2708 469 2740 9
487 2699 577 2738 (item
594 2699 686 2739 expl.
705 2701 782 2738 post
801 2695 986 2727 Palladium
1002 2694 1164 2737 scripta):
1192 2707 1251 2727 om.
1271 2705 1322 2735 vl).
1342 2692 1356 2735 Η
1372 2696 1391 2725 3
1411 2692 1567 2725 disserta

50 2765 85 2796 p.
119 2751 134 2797 Η
166 2754 331 2797 ιῐιςθῃιᾴε
354 2766 390 2796 p.
425 2751 441 2797 Η
470 2755 489 2786 8
514 2754 721 2785 tribuantur
737 2751 877 2783 utiliter
899 2762 932 2793 ῃ.
965 2749 979 2794 Η
1013 2753 1054 2783 14
1078 2750 1273 2794 potuerunt
1297 2762 1324 2782 υ.
1353 2748 1367 2791 Η
1401 2752 1440 2781 19
1458 2744 1567 2789 τάξιν

53 2811 213 2843 Polenus:
249 2821 292 2842 ac
316 2820 382 2852 vpy
407 2810 688 2850 (ordinationem
716 2819 759 2840 ac
785 2807 1089 2849 dispositionem).
1123 2805 1137 2849 Η
1169 2807 1361 2838 diatliesim
1388 2817 1462 2846 [ψῃ.
1487 2803 1501 2848 Η
1525 2807 1568 2837 20

54 2869 105 2897 et:
134 2876 176 2897 ac
200 2876 234 2906 9.
265 2863 280 2907 Η
313 2865 542 2898 eurithmiam
566 2878 601 2904 v,
628 2865 727 2896 mian
759 2863 837 2903 (κίοι
870 2863 1034 2895 decorem
1066 2864 1179 2903 mian)
1208 2874 1264 2903 Psl·
1299 2859 1313 2904 Η
1345 2860 1566 2893 modolorum

49 2932 109 2967 229.
141 2920 156 2966 Η
186 2922 422 2965 symmetrian
444 2932 501 2964 pq,
529 2921 641 2953 —tria
666 2932 693 2953 υ.
727 2918 742 2963 Η
773 2921 812 2952 21
840 2921 1076 2953 oeconomian
1100 2931 1127 2959 v,
1155 2919 1418 2952 oeehonomian
1439 2929 1497 2962 μμ.
