1899 3322
133 465 153 495 8

110 2016 148 2046 10

605 221 666 252 DE
697 222 1054 254 ARCHITEc'rrRA
1086 225 1176 255 LIB.
1209 226 1270 256 vt.
1619 217 1697 259 1⁷43

180 329 331 377 quarto
374 322 484 364 libro
520 323 572 365 de
610 323 768 364 doricis
810 326 965 380 scripsi
1004 327 1064 366 ita
1100 327 1263 368 moduli
1302 334 1523 370 sumantur
1562 336 1603 370 et
1641 330 1695 370 ad

180 403 250 430 eos
281 389 476 439 modulos
507 390 911 447 triglyphorumque
940 393 1127 434 rationes
1160 395 1458 451 disponantur.

291 457 596 499 Tricliniorum
629 464 786 513 quanta
816 458 999 500 latitudo
1030 460 1180 514 fuerit,
1221 462 1288 503 bis
1319 470 1439 504 tanta
1468 463 1692 519 longitudo
1718 474 1748 506 V

178 524 272 564 fieri
311 524 501 566 debebit.
570 524 833 567 altitudines-
860 528 1050 567 omnium
1089 528 1427 584 conclaviorum,
1475 546 1582 587 quae
1620 533 1693 574 ob-

178 591 306 646 longa
337 591 511 645 fuerint,
545 593 607 633 sic
637 593 794 634 habere
825 593 986 635 debent
1015 595 1226 636 rationem
1256 598 1319 637 uti
1347 597 1631 652 longitudinis
1655 607 1696 641 01
1722 611 1742 641 5

178 657 421 700 latitudinis
460 673 662 700 mensura
699 667 979 717 componatur
1017 668 1058 703 et
1098 677 1152 702 ex
1192 677 1240 703 ea
1272 679 1437 704 summa
1468 665 1695 707 dimidium

177 733 371 767 sumatur
402 732 443 767 et
474 733 680 782 quantum
701 727 831 768 fuerit
851 734 1016 769 tantum
1038 728 1260 771 altitudini
1281 730 1420 772 detur.
1466 734 1533 773 sin
1553 741 1696 775 autem

180 793 364 833 exedrae
395 800 468 834 aut
500 795 592 835 oeci
624 794 823 850 quadrati
843 795 1027 849 fuerint,
1066 795 1308 838 latitudinis
1339 798 1519 839 dimidia
1548 800 1696 842 addita

175 859 428 901 altitudines
480 861 731 903 educantur.
815 863 1121 918 pinacothecae
1180 866 1244 906 uti
1302 866 1488 906 exedrae
1542 867 1694 923 amplis

175 928 548 982 magnitudinibus
580 936 681 970 sunt
711 930 1049 971 constituendae.
1110 933 1202 972 oeci
1230 932 1432 974 corinthii
1460 935 1692 991 tetrastyli·
1724 947 1764 976 lo

177 1009 259 1050 que
291 996 450 1051 quique
482 998 676 1052 aegyptii
706 1004 916 1039 vocantur
953 997 1197 1040 latitudinis
1229 1006 1270 1040 et
1308 999 1592 1055 longitudinis
1631 1004 1692 1043 uti

176 1077 305 1118 supra
335 1062 620 1104 tricliniorum
651 1066 927 1120 symmetriae
958 1067 1145 1121 scriptae
1177 1073 1289 1120 sunt,
1321 1068 1381 1108 ita
1412 1067 1599 1110 habeant
1628 1085 1693 1110 ra-

175 1130 356 1183 tionem,
397 1130 472 1171 sed
504 1138 680 1187 propter
709 1132 1005 1174 columnarum
1036 1135 1386 1190 interpositiones
1419 1137 1694 1191 spatiosiores

178 1198 508 1238 constituantur.
568 1199 681 1239 inter
712 1200 945 1241 corinthios
977 1207 1119 1241 autem
1160 1208 1200 1241 et
1230 1203 1457 1258 aegyptios
1496 1203 1577 1244 hoc
1615 1206 1694 1246 erit

176 1264 421 1305 discrimen.
475 1266 677 1306 corinthii
709 1267 924 1323 simplices
954 1268 1141 1309 habeant
1164 1267 1382 1310 columnas
1404 1277 1478 1310 aut
1498 1272 1543 1310 in
1564 1271 1693 1326 podio
1723 1285 1760 1315 15

174 1332 336 1387 positas
374 1339 448 1373 aut
488 1334 533 1373 in
571 1334 677 1386 imo,
718 1350 932 1390 supraque
970 1335 1156 1376 habeant
1195 1336 1397 1391 epistylia
1435 1344 1476 1377 et
1515 1352 1692 1379 coronas

174 1405 249 1439 aut
281 1412 335 1439 ex
366 1400 572 1442 intestino
612 1416 740 1457 opere
770 1409 844 1442 aut
874 1402 1060 1455 albario,
1102 1410 1323 1458 praeterea
1355 1419 1483 1459 supra
1515 1419 1691 1446 coronas

176 1481 309 1506 curva
339 1465 558 1508 lacunaria
587 1468 643 1508 ad
675 1469 883 1509 circinum
915 1469 1178 1511 delumbata.
1229 1472 1273 1511 in
1301 1473 1518 1527 aegyptiis
1549 1480 1692 1513 autem

175 1548 305 1589 supra
335 1532 553 1576 columnas
585 1535 789 1592 epistylia
820 1543 861 1576 et
891 1537 945 1577 ab
968 1536 1184 1593 epistyliis
1206 1538 1262 1578 ad
1283 1539 1467 1594 parietes
1499 1541 1693 1595 quisunt

176 1601 287 1641 circa
317 1601 562 1657 inponenda
593 1610 657 1644 est
688 1604 965 1658 contignatio,
1000 1620 1130 1660 supra
1151 1607 1450 1646 coaxationem
1471 1608 1690 1662 pavimen·
1718 1620 1760 1650 ‘20

172 1675 286 1722 tum,
326 1669 406 1709 sub
446 1669 521 1710 diu
556 1676 603 1710 ut
642 1671 697 1711 sit
729 1672 946 1712 circuitus.
1007 1671 1164 1712 deinde
1195 1687 1326 1727 supra
1357 1673 1605 1729 epistylium
1636 1675 1691 1715 ad

175 1735 530 1791 perpendiculum
566 1737 817 1779 inferiorum
856 1737 1147 1780 columnarum
1185 1739 1456 1795 inponendae
1487 1748 1585 1782 sunt
1615 1743 1689 1781 mi-

173 1818 297 1844 nores
330 1810 478 1858 quarta
511 1810 632 1858 parte
664 1804 899 1846 columnae.
961 1821 1090 1861 supra
1129 1821 1272 1846 earum
1313 1806 1514 1862 epistylia
1553 1815 1594 1849 et
1625 1824 1689 1849 or-

173 1876 373 1911 namenta
418 1869 647 1912 lacunariis
693 1879 898 1914 ornantur
943 1880 984 1914 et
1027 1875 1139 1914 inter
1184 1873 1401 1915 columnas
1449 1876 1689 1930 superiores

173 1938 386 1979 fenestrae
418 1937 705 1992 conlocantur,
737 1941 797 1980 ita
826 1940 1102 1981 basilicarum
1134 1955 1182 1981 ea
1214 1940 1472 1995 similitudo,
1512 1957 1598 1983 non
1620 1958 1685 1983 co·
1714 1956 1754 1985 *25

173 2005 431 2051 rinthiorum
450 2005 749 2060 tricliniorum,
782 2007 1084 2049 videturesse.
1132 2008 1240 2049 fiunt
1269 2015 1412 2049 autem
1445 2010 1573 2050 etiam
1606 2026 1687 2051 non
1708 2022 1755 2053 VI

174 2072 352 2113 Italicae
384 2073 708 2115 consuetudinis
740 2076 845 2128 oeci,
879 2090 983 2131 quos
1006 2075 1163 2117 Graeci
1185 2076 1424 2132 Cyzicenos
1455 2077 1689 2133 appellant.

173 2139 217 2180 hi
248 2139 525 2182 conlocantur
555 2147 798 2196 spectantes
826 2142 881 2183 ad
903 2146 1238 2198 septentrionem
1260 2150 1301 2184 et
1321 2145 1507 2184 maxime
1529 2145 1690 2186 viridia

172 2200 506 2263 prospicientes,
546 2207 783 2263 valvasque
821 2208 981 2250 habent
1011 2211 1056 2250 in
1086 2211 1243 2252 medio.
1303 2211 1385 2266 ipsi
1415 2218 1558 2252 autem
1589 2220 1688 2253 sunt

173 2275 233 2315 ita
264 2273 382 2329 longi
414 2282 455 2315 ct
485 2273 561 2315 lati
592 2276 654 2316 uti
691 2275 775 2316 duo
806 2276 994 2317 triclinia
1032 2293 1126 2318 011111
1166 2279 1536 2320 circumitionibus
1575 2280 1685 2320 inter
1711 2293 1753 2321 30

263 2457 283 2487 4
309 2456 595 2489 conclaviorum:
621 2459 670 2489 sic
697 2457 773 2489 Gll.
806 2455 820 2499 Η
853 2458 872 2488 8
899 2457 1078 2491 exhedrae
1107 2460 1172 2492 Gll
1190 2459 1246 2501 (ll,
1275 2460 1430 2493 exedrae
1455 2460 1498 2501 le)
1543 2457 1559 2503 Η
1590 2463 1609 2492 9
1636 2461 1685 2493 a!—

172 2511 348 2543 titudines
369 2513 374 2551 1
398 2512 573 2545 edueant²
601 2513 842 2555 pinacotheee
870 2513 914 2544 G:
948 2513 1140 2548 altitudine
1166 2517 1342 2548 seducant
1373 2517 1517 2557 turpina
1539 2518 1544 2556 Ι
1567 2518 1685 2549 cothe-

174 2578 240 2599 cae
266 2568 305 2598 ll
328 2567 538 2606 (altitudine
564 2569 742 2601 seducant
767 2570 914 2610 turpina
939 2570 1087 2612 cothece
1113 2572 1192 2609 LIe,
1224 2573 1289 2604 nisi
1312 2574 1402 2614 quod
1425 2582 1461 2604 se
1488 2573 1623 2604 ducant
1645 2575 1683 2610 L,

173 2623 323 2665 cothece
350 2635 378 2664 c,
406 2623 618 2657 altitudines
636 2625 794 2657 educant
812 2626 956 2667 turpino
976 2627 1123 2659 cothcce
1141 2627 1188 2668 le).
1219 2626 1233 2670 Η
1267 2628 1446 2659 exhedrae
1475 2630 1539 2659 (ill
1565 2629 1648 2669 (LI).
1666 2632 1681 2671 ΙΙ

174 2681 213 2710 11
240 2678 449 2711 latitudinis
475 2682 511 2711 et
535 2680 774 2722 longitudinis
798 2681 888 2712 doe:
922 2691 1030 2713 —nes
1060 2683 1235 2725 utrobique
1263 2684 1339 2715 (ΙΙΙ.
1380 2682 1394 2726 Η
1435 2686 1473 2715 13
1505 2685 1684 2725 spatiores

175 2734 212 2767 G.
245 2732 260 2776 Η
294 2737 333 2767 15
358 2735 520 2767 habeant
552 2737 599 2768 L:
633 2736 770 2768 habent
803 2737 869 2768 GH
900 2736 968 2779 (lc).
1001 2735 1015 2780 Η
1049 2739 1089 2770 16
1114 2739 1291 2770 habeant:
1323 2742 1372 2770 sic
1398 2740 1472 2772 (ill.
1507 2737 1520 2780 Η
1548 2741 1587 2770 21
1616 2740 1681 2772 sub

173 2789 233 2820 diu
260 2789 326 2821 GH
351 2789 431 2831 (sub
457 2791 541 2824 divo
568 2790 657 2834 hle),
682 2791 696 2834 Η
725 2794 766 2823 22
793 2793 1022 2833 inponendae
1051 2794 1116 2825 GH
1143 2795 1197 2834 (L,
1224 2794 1474 2835 impendendae
1500 2797 1529 2825 le
1557 2793 1634 2836 NJ).
1664 2794 1667 2838 Ι

173 2845 215 2876 23
241 2845 428 2878 columnae
455 2848 501 2887 (l,
526 2851 558 2878 et
582 2846 686 2886 cclc²):
712 2848 878 2880 columna
905 2850 971 2879 (ill
994 2848 1086 2891 (Ich).
1121 2848 1135 2892 Η
1167 2852 1208 2881 27
1235 2850 1308 2880 oeti
1333 2855 1410 2880 ante
1435 2861 1523 2883 corr.
1552 2851 1589 2884 G.
1608 2848 1622 2892 Η
1639 2852 1681 2883 28

172 2900 236 2931 Hii
260 2901 306 2932 II.
337 2899 352 2943 Η
383 2903 426 2934 29
452 2902 581 2935 valbas
609 2904 653 2935 H.
685 2901 700 2945 Η
731 2904 868 2936 habent
894 2905 928 2936 H
954 2904 1061 2946 (Llc):
1089 2905 1265 2937 habentes
1286 2906 1322 2938 G.
1356 2902 1370 2947 Η
1402 2908 1444 2937 30
1462 2915 1541 2937 cum
1559 2916 1620 2939 om.
1643 2907 1680 2941 G.
