1874 3322
316 361 374 394 nis
401 354 578 392 Dantisci
607 348 647 399 (η’-
677 344 820 395 1545),
855 355 965 393 quem
994 343 1152 380 dederat
1182 342 1289 376 circa
1319 350 1355 373 a.
1390 339 1488 372 1521
1510 336 1766 372 Sebastianus

317 413 543 459 Sperantius
564 409 768 453 episcopus
791 399 855 451 (ab
878 414 913 437 a.
940 396 1054 447 1521)
1080 398 1301 433 Brixiensis
1324 391 1365 442 (†
1385 390 1518 441 1525),
1544 394 1589 428 de
1607 404 1681 439 quo
1704 392 1757 439 cf.

318 471 363 505 F.
397 468 441 503 Α.
484 463 721 506 Sinnaclier,
770 460 953 505 Beitra'qe
998 467 1069 491 :ur
1107 452 1333 489 Gescltichte
1379 451 1449 486 der
1489 449 1763 495 bz'sclzb'fliclzen

319 524 463 561 Isirelie
485 521 610 557 Sa'ben
633 518 713 554 und
736 517 888 552 Brioeen
911 519 935 549 t.
963 515 983 547 7
1009 524 1047 557 p.
1070 512 1138 545 197
1160 520 1241 556 sqq.
1271 510 1309 543 in
1328 507 1464 553 fronte
1486 506 1629 542 codicis
1649 516 1765 541 manu

320 591 421 617 saec.
445 576 573 613 XVII
589 573 716 611 Liber
735 569 1010 608 bibliothecae
1031 563 1286 604 Varmiensis
1311 560 1351 612 (i.
1377 574 1408 599 e.
1433 562 1763 608 Frauenburqen-

318 634 399 683 sis).
442 634 565 669 codex
585 632 801 675 descriptus
818 628 898 674 fait
919 628 956 661 in
982 624 1186 660 Germania
1212 618 1262 667 (v.
1288 622 1395 665 adp.
1420 621 1480 664 88,
1510 615 1574 667 16)
1611 628 1662 654 ex
1683 620 1766 664 ipso

320 691 371 726 H.
423 691 568 726 contuli
596 698 661 734 eqo
693 685 869 720 Berolini
889 695 911 718 a
934 694 979 716 m.
1005 680 1128 725 April.
1155 679 1204 713 ad
1225 677 1298 713 Iul.
1323 678 1434 711 1865.

235 762 274 786 e.-
308 745 684 784 Escorialensis
705 741 782 778 III.
805 740 837 786 f.
865 741 920 783 19,
945 747 1050 773 saec.
1068 734 1238 783 XIJ‘XII
1251 734 1435 780 foliorum
1454 734 1502 767 85
1528 727 1644 778 (vers.
1670 732 1765 766 circ.

317 799 503 849 30—3l).
545 801 607 836 liic
625 799 695 846 fol.
721 798 883 832 84—95
916 794 1175 829 additamenta
1206 791 1338 826 eadem
1358 789 1473 824 habet
1522 787 1588 824 De
1611 785 1767 836 ponde-

314 859 424 896 ribus
447 862 518 893 etc.
549 865 647 903 quae
676 856 857 901 leguntur
876 853 914 886 in
939 850 980 893 L,
1005 850 1090 885 olim
1111 848 1340 894 leyebantur
1357 847 1398 881 in
1421 845 1472 880 H.
1518 845 1676 880 contulit
1697 845 1769 879 ini-

316 919 404 952 tiam
427 915 567 950 codicis
588 912 630 946 F.
653 911 775 957 Jayor
796 921 841 943 m.
866 907 970 942 Maio
994 907 1095 941 1567
1121 901 1211 951 (m'd.
1232 914 1310 949 pra
1321 898 1408 950 eff).

233 976 285 1010 P.-
315 972 549 1008 Pitltoean
564 979 614 1004 us
645 963 784 1014 (Calai.
816 965 860 1000 de
892 966 930 1000 la
955 964 1040 999 bibl.
1065 962 1110 996 (le
1132 961 1277 1006 Rosny.
1310 959 1409 994 Par:
1431 959 1532 992 1837
1554 968 1614 992 no.
1642 957 1760 991 2112.

318 1029 371 1074 cf.
394 1028 441 1063 ib.
468 1038 507 1071 p.
535 1027 608 1059 211
632 1028 666 1058 et
696 1022 755 1058 Jo.
782 1021 933 1064 Boivin,
966 1020 1073 1055 Petri
1093 1017 1242 1052 Pithoei
1270 1017 1345 1051 vita
1369 1020 1440 1050 etc.
1474 1014 1569 1048 Par.
1598 1015 1697 1047 1715
1716 1024 1758 1058 p.

319 1082 397 1131 72),
420 1093 522 1118 nunc
543 1080 778 1115 Parisiensis
798 1078 867 1112 lat.
893 1078 1018 1111 10277
1051 1070 1153 1122 (olim
1174 1074 1303 1118 suppl.
1331 1073 1399 1106 lat.
1427 1068 1563 1118 1009),
1597 1079 1703 1105 saec.
1729 1069 1771 1104 X

314 1141 382 1187 fol.
407 1141 468 1174 87.
505 1139 643 1183 pulcre
665 1137 845 1180 scriptus,
876 1135 1038 1168 omnium
1070 1132 1136 1177 qui
1165 1140 1215 1165 ea:
1238 1128 1280 1164 H
1299 1129 1472 1173 optimus.
1514 1130 1601 1172 post
1636 1125 1765 1161 Vitru-

319 1199 415 1233 vium
436 1196 608 1241 sequitur
628 1194 789 1237 epitoma
808 1190 840 1236 f.
865 1191 933 1224 87α
954 1188 1048 1224 med.
1064 1207 1113 1211 -—
1127 1187 1193 1221 90¹²
1210 1196 1298 1231 sup.
1356 1186 1395 1219 in
1421 1185 1499 1230 fine
1519 1181 1566 1220 P.
1590 1180 1758 1225 Pithon,

319 1262 431 1288 eraso
460 1251 606 1286 nomine
636 1247 884 1283 bibliothecae
911 1242 1079 1293 (Liber.
1102 1271 1109 1278 .
1131 1240 1163 1290 .)
1198 1242 1249 1277 ad
1276 1252 1388 1288 quam
1412 1242 1497 1276 olim
1523 1240 1647 1274 codex
1671 1248 1768 1284 per-

320 1311 498 1344 tinuerat.
559 1306 661 1340 hunc
691 1304 875 1347 codicem,
908 1312 1017 1349 quem
1047 1301 1133 1336 olim
1162 1299 1381 1334 contulerat
1410 1296 1540 1342 Steph.
1574 1295 1771 1330 Balutius

324 1362 434 1413 (teste
456 1364 596 1398 Poleno
618 1363 655 1396 in
678 1361 897 1395 Eoeercitat.
928 1358 1137 1393 Vitruvian.
1159 1367 1197 1401 p.
1221 1351 1324 1402 133),
1349 1355 1481 1399 reperi
1500 1354 1582 1398 ipse
1599 1351 1774 1387 Parisiis

329 1434 374 1457 in.
401 1420 503 1465 Sept.
531 1420 630 1453 1866
655 1421 689 1452 et
713 1417 856 1452 contuli
876 1415 907 1460 I,
935 1417 965 1450 1.

240 1480 333 1515 bic.-
364 1478 487 1512 codex
509 1485 559 1510 esc
580 1485 651 1520 qico
673 1474 856 1518 descripti
876 1475 963 1507 sunt
980 1471 1019 1505 ln·
1035 1474 1112 1506 tres
1134 1478 1237 1504 saec.
1255 1467 1319 1502 XI
1333 1466 1422 1513 fere
1437 1466 1639 1501 coaetanei
1658 1474 1761 1499 men-

328 1535 385 1570 dis
401 1534 542 1578 partim
566 1530 822 1566 communibus
840 1530 985 1574 partim
1006 1527 1180 1572 propriis
1203 1524 1345 1570 referti

410 1590 451 1624 b.-
483 1587 832 1622 Bruaeettense's
855 1586 970 1628 5253,
988 1583 1059 1629 fol.
1094 1584 1152 1626 97,
1179 1582 1264 1617 olim
1293 1584 1333 1615 ut
1356 1581 1394 1614 in
1408 1578 1479 1625 fol.
1507 1580 1526 1612 I
1547 1579 1687 1624 leyitur
1708 1574 1777 1612 Ad
1800 1619 1808 1623 ..

329 1645 407 1682 dom
444 1642 722 1691 Carthusppe
754 1641 874 1677 Diest
920 1637 960 1687 (i.
994 1649 1024 1674 c.
1076 1642 1116 1674 ut
1153 1647 1210 1673 me
1246 1637 1460 1672 docuerunt
1499 1634 1780 1670 bibliothecarii

327 1701 606 1737 Bruxellenses
648 1701 714 1743 „la
750 1699 978 1733 clcartreuse
1015 1696 1089 1731 dite
1125 1694 1232 1730 Mont
1269 1694 1313 1728 de
1351 1692 1404 1728 St.
1438 1690 1774 1735 Jean-Baptiste,

324 1757 462 1803 fonde'e
484 1766 530 1791 en
555 1757 668 1799 1333,
701 1767 752 1790 au
775 1756 910 1800 village
938 1754 984 1788 de
1007 1752 1198 1795 Zeelleem,
1230 1749 1325 1796 pre's
1346 1749 1391 1783 de
1413 1745 1578 1795 Di'est“).
1623 1746 1774 1781 contuli

331 1817 414 1860 ipse
437 1813 638 1847 Bruxellis
659 1811 691 1852 Ι,
718 1813 737 1845 1
757 1823 804 1846 m.
828 1810 932 1855 Sept.
960 1811 1075 1843 1866.

413 1871 442 1904 1.·
474 1869 730 1903 Leidensis
752 1869 880 1902 [cltcr
903 1863 917 1913 (
940 1861 1087 1911 Voss.)
1115 1865 1199 1908 107,
1221 1862 1291 1908 fol.
1315 1863 1396 1896 110.
1419 1862 1506 1896 loca
1529 1860 1646 1895 multa
1669 1868 1772 1905 quae

331 1928 497 1970 scriptor
519 1926 696 1959 omiserat
717 1925 754 1958 in.
777 1924 946 1969 maraine
977 1922 1119 1956 addidit
1141 1922 1352 1963 corrector,
1377 1919 1442 1964 qui
1463 1921 1498 1951 et
1518 1918 1598 1962 ipse
1617 1919 1775 1961 partem

334 1983 474 2017 codicis
496 1982 650 2024 scripsit
675 1976 791 2026 (velat
809 1978 841 2024 f.
870 1974 956 2013 106ὁ
971 1997 1015 2002 ——
1034 1979 1125 2012 105α
1144 1972 1231 2023 fin).
1276 1979 1391 2010 totum
1414 1974 1569 2009 contuli.

420 2048 458 2072 c:
501 2036 820 2071 Cottonianus
857 2045 950 2069 mus.
984 2034 1084 2069 Brit.
1117 2032 1242 2078 Cleop.
1281 2031 1328 2066 D.
1363 2032 1399 2074 1,
1433 2041 1505 2075 quo
1536 2029 1781 2064 continentur

333 2097 495 2139 praeter
526 2092 733 2127 Vitruvium
757 2088 803 2136 (f.
824 2088 968 2138 1-82)
1006 2090 1181 2136 Veyete‘us
1203 2092 1237 2123 et
1256 2088 1409 2124 Solinus
1431 2086 1478 2121 ab
1497 2086 1582 2120 aliis
1603 2084 1780 2119 manibus

336 2150 481 2194 scripti,
502 2149 581 2183 scil.
601 2149 638 2182 in
662 2158 777 2182 unum
794 2148 962 2181 volumen
980 2151 1117 2192 postea
1142 2145 1332 2190 compacti
1353 2143 1506 2178 codices
1527 2145 1617 2176 tres,
1652 2143 1777 2175 scatet

335 2205 487 2248 mendis,
512 2204 670 2238 (luorum
688 2207 950 2238 correctorum
972 2204 1215 2248 antiquorem
1239 2199 1564 2236 emendationibus
1586 2198 1776 2242 oppletus‘,

336 2271 429 2307 quos
458 2270 508 2295 ear
537 2261 743 2294 atramenti
774 2260 899 2293 colore
926 2258 1047 2304 facile
1080 2259 1297 2305 (liynoscas.
1340 2266 1408 2291 eas
1434 2256 1579 2300 partim
1608 2254 1778 2289 imitatus

340 2318 477 2362 repetit
498 2318 564 2362 qui
584 2326 635 2350 eac
658 2315 878 2349 Cottoniano
913 2315 1117 2350 Vitruvium
1140 2315 1374 2359 descriptum
1401 2312 1516 2347 habet

421 2373 463 2407 li:
505 2372 812 2406 Harleianus
843 2372 972 2405 alter
1002 2372 1119 2414 3559,
1154 2381 1257 2405 saec.
1287 2367 1454 2417 XIJXII
1468 2367 1706 2413 pulcerrime
1729 2365 1777 2400 ab

338 2440 414 2464 una
452 2429 656 2462 maccimam
686 2430 838 2471 partem
869 2438 984 2461 manu
1017 2429 1203 2471 scriptus,
1245 2427 1312 2461 sed
1342 2425 1583 2460 correcturis
1620 2422 1781 2457 obrutus

342 2483 517 2531 (duormn
547 2483 692 2528 quidem
721 2484 758 2517 in
801 2482 967 2517 Vitruvio
998 2485 1240 2528 antiquorum
1271 2486 1305 2517 et
1335 2482 1501 2516 recentis
1532 2480 1648 2523 tertii,
1680 2478 1785 2513 (loeti

342 2541 425 2575 scil.
450 2541 522 2574 viri
542 2548 644 2573 saec.
664 2538 774 2585 ΧΓ),
800 2539 982 2572 volamine
1003 2540 1124 2583 spisso
1155 2539 1255 2584 qtcod
1278 2543 1366 2583 post
1399 2537 1600 2583 Veyetium,
1624 2534 1782 2569 Macro-

344 2597 393 2631 bii
412 2596 642 2637 saturnalia,
667 2593 899 2629 Ineectieam
923 2593 1091 2638 Salustii,
1117 2594 1305 2629 Nennium
1329 2591 1399 2641 (cf.
1427 2593 1484 2628 ed.
1509 2591 1718 2627 Scevenson
1736 2600 1779 2634 p.

342 2648 472 2697 XXI),
497 2651 763 2696 Augusstmaem,
789 2649 974 2693 Solinum,
1009 2651 1144 2685 librum
1167 2651 1298 2685 Etliici
1328 2646 1398 2696 (cf.
1422 2649 1472 2685 K.
1495 2648 1612 2683 Peri:
1632 2648 1678 2682 de
1701 2655 1782 2681 cos-

344 2719 458 2752 nzoyr.
492 2706 621 2740 Etleici
645 2716 683 2750 p.
720 2702 808 2752 103)
841 2707 877 2739 in
904 2706 980 2750 fine
1010 2708 1177 2741 continet
1227 2707 1433 2742 Vitruvium
1459 2704 1492 2751 f.
1527 2695 1784 2738 &ob—365⁶

347 2759 491 2805 (folior.
518 2758 594 2809 78).
638 2765 839 2806 utrumque
864 2757 901 2807 (c
924 2764 959 2795 et
980 2757 1021 2807 li)
1047 2766 1160 2797 totam
1184 2764 1340 2797 contulit
1362 2759 1724 2804 Mi'cller-Stri'cbiny.

258 2829 306 2862 p.-
337 2817 398 2851 Pa
412 2819 640 2852 risiensis
663 2819 792 2852 atter
811 2818 877 2851 lat.
907 2818 1015 2860 7227,
1040 2827 1143 2852 saec.
1168 2818 1336 2866 XIf'XH
1350 2817 1421 2864 fol.
1441 2818 1493 2852 46
1518 2811 1600 2863 (lin.
1625 2825 1658 2850 c.
1678 2816 1778 2849 35—

353 2874 435 2918 40).
459 2874 598 2907 contuli
617 2873 648 2913 I,
674 2875 692 2906 I
714 2873 876 2907 Parisiis
898 2883 942 2906 m.
976 2871 1079 2917 Sept.
1106 2875 1220 2908 1306.

266 2921 344 2977 [t›].·
388 2927 643 2962 Vaticanus
673 2939 752 2974 ress.
785 2928 895 2964 Suee.
923 2930 1044 2972 1501,
1076 2939 1104 2962 s.
1130 2929 1195 2977 XL
1212 2929 1295 2964 XII
1311 2929 1380 2974 fol.
1409 2930 1492 2963 123.
1543 2928 1566 2962 lt
1580 2937 1652 2962 unc
1676 2925 1785 2961 adhi-
