1909 3322
132 626 151 654 27!

113 962 153 992 10

117 1302 157 1332 15

116 1636 159 1667 20

88 1773 157 1804 XII

179 240 257 280 128
823 245 1031 278 VITRUVH

175 351 365 407 porticus
397 354 506 400 tres,
538 362 624 388 una
654 362 709 388 ex
738 348 962 405 peristylio
995 349 1268 402 exeuntibus,
1301 348 1411 390 duae
1441 348 1595 391 dextra
1624 356 1686 391 at-

176 433 257 474 que
295 417 471 458 sinistra
508 415 741 468 stadiatae,
780 430 833 456 ex
871 416 1026 472 quibus
1065 431 1150 458 una
1188 431 1296 472 quae
1335 418 1596 471 spectaverit
1633 417 1689 458 ad

176 484 530 541 septentrionem,
568 483 816 539 perficiatur
846 483 1008 540 duplex
1045 484 1311 539 amplissima
1341 483 1590 537 latitudine,
1628 484 1687 525 al-

176 559 290 593 terae
321 550 539 607 simplices
580 551 641 592 ita
669 550 810 592 factae
840 552 903 592 uti
933 552 979 592 in
1009 551 1203 608 partibus
1247 565 1356 606 quae
1385 550 1548 592 fuerint
1577 552 1690 592 circa

176 620 361 675 parietes
401 625 442 659 et
481 633 588 674 quae
627 625 750 659 erunt
780 619 835 659 ad
866 618 1106 671 columnas,
1148 619 1364 673 margines
1402 618 1589 659 habeant
1626 620 1691 659 uti

177 687 350 728 semitas
380 701 465 727 non
495 680 636 727 minus
667 685 824 742 pedum
857 686 1021 727 denum.
1044 686 1318 741 mediumque
1340 692 1598 727 excavatum
1627 687 1692 727 uti

176 753 336 809 gradus
376 755 462 795 sint
498 755 542 794 in
579 753 789 794 descensu
826 769 851 793 a
880 753 1148 808 marginibus
1173 753 1485 809 *sesquipedem
1515 754 1570 794 ad
1601 753 1690 810 pla-

176 822 348 875 nitiem,
398 836 506 877 quae
551 820 748 877 planities
794 821 850 861 sit
886 836 969 861 non
1016 821 1157 860 minus
1202 820 1332 876 pedes
1371 833 1452 861 XII.
1519 822 1581 861 ita
1618 820 1691 875 qui

177 889 326 930 vestiti
356 888 674 930 ambulaverint
706 889 865 929 circum
896 889 940 928 in
971 887 1261 942 marginibus,
1303 903 1388 929 non
1417 888 1693 944 inpedientur

177 957 231 997 ab
261 957 401 997 unctis
433 971 478 996 se
509 956 825 996 exercentibus.
875 955 980 995 haec
1009 961 1150 995 autem
1180 956 1369 1011 porticus
1392 955 1548 1004 ξυστος
1577 953 1691 1011 apud

179 1024 368 1065 Gsraecos
416 1024 650 1076 vocitatur,
698 1024 813 1078 quod
857 1022 1043 1064 athletae
1081 1037 1157 1078 per
1194 1022 1375 1063 hiberna
1418 1029 1611 1078 tempora
1648 1022 1692 1062 in

178 1093 303 1132 tectis
335 1091 487 1133 stadiis
519 1097 786 1131 exercentur.
836 1091 1033 1146 proxime
1052 1097 1195 1130 autem
1215 1097 1393 1146 xystum
1416 1096 1457 1130 et
1479 1089 1692 1146 duplicem

178 1160 389 1215 porticum
421 1158 701 1213 designentur
730 1158 996 1214 hypaethroe
1025 1157 1359 1210 ambulationes,
1399 1172 1503 1213 quas
1536 1156 1694 1198 Graeci

181 1226 535 1280 παραδρομιὸας,
574 1226 711 1267 nostri
740 1231 872 1280 xysta
901 1225 1141 1281 appellant,
1187 1226 1232 1265 in
1262 1240 1366 1280 quas
1404 1238 1480 1280 per
1510 1224 1692 1264 hiemem

182 1308 236 1334 ex
266 1300 396 1350 xysto
429 1308 579 1334 sereno
626 1292 741 1333 caelo
786 1292 972 1333 athletae
1008 1293 1266 1348 prodeuntes
1307 1298 1574 1332 exercentur.
1633 1291 1693 1331 fa-

182 1362 337 1402 ciunda
367 1368 510 1402 autem
539 1367 669 1417 xysta
708 1361 769 1401 sic
802 1359 1002 1401 videntur
1031 1366 1077 1400 ut
1109 1361 1194 1401 sint
1225 1360 1337 1400 inter
1368 1359 1472 1400 duas
1503 1359 1693 1414 porticus

182 1429 318 1470 silvae
363 1435 435 1470 aut
473 1428 725 1484 platanones
771 1434 811 1469 et
848 1428 892 1468 in
931 1427 998 1468 his
1044 1428 1320 1483 perficiantur
1363 1427 1475 1467 inter
1519 1425 1693 1466 arbores

182 1496 494 1537 ambulationes
525 1496 671 1550 ibique
703 1510 756 1536 ex
787 1510 915 1551 opere
940 1496 1108 1549 signino
1131 1495 1351 1535 stationes.
1401 1500 1498 1549 post
1518 1499 1692 1549 xystum

182 1570 324 1604 autem
355 1563 540 1605 stadium
573 1564 633 1603 ita
662 1563 893 1617 figuratum
923 1569 969 1603 ut
998 1563 1166 1618 possint
1186 1562 1405 1602 hominum
1428 1561 1576 1616 copiae
1598 1575 1693 1601 cum

183 1631 426 1672 laxamento
456 1631 639 1672 athletas
671 1636 882 1671 certantes
914 1637 1119 1686 spectare.

297 1698 419 1750 Quae
460 1699 504 1738 in
543 1698 767 1739 moenibus
805 1698 1047 1739 necessaria
1085 1696 1344 1737 videbantur
1382 1709 1474 1735 esse
1514 1701 1558 1736 ut
1594 1701 1693 1750 apte

184 1767 486 1822 disponantur,
533 1766 779 1822 perscripsi.
854 1765 906 1805 de
943 1765 1264 1820 opportunitate
1309 1769 1451 1804 autem
1495 1769 1694 1819 portuum

183 1849 267 1874 non
307 1841 371 1875 est
409 1833 859 1890 praetei-mittendum,
907 1833 983 1873 sed
1021 1832 1174 1887 quibus
1216 1830 1457 1872 rationibus
1495 1835 1696 1870 tueantur

183 1917 315 1942 naves
347 1902 391 1941 in
421 1901 488 1941 his
517 1901 571 1941 ab
602 1900 929 1956 tempestatibus
963 1899 1280 1955 explicandum.
1331 1899 1374 1939 hi
1403 1903 1544 1938 autem
1574 1903 1692 1938 natu-

277 2030 292 2058 1
320 2026 496 2068 peristylo
523 2026 570 2057 H.
604 2024 619 2067 Η
649 2026 845 2056 exuntibus
871 2030 949 2056 ante
973 2035 1062 2058 corr.
1091 2025 1128 2057 G.
1162 2022 1176 2065 Η
1211 2024 1357 2055 dextrae
1381 2028 1458 2054 ante
1483 2033 1572 2054 corr.
1599 2023 1645 2053 H.
1674 2022 1690 2062 Η

187 2086 206 2115 3
233 2083 372 2115 alterae
400 2081 586 2123 simplices
611 2082 662 2112 ita
689 2082 810 2112 factae
838 2082 1011 2112 Perrazzll:
1050 2080 1167 2111 altera
1192 2079 1342 2120 simplex
1373 2079 1424 2109 ita
1450 2078 1552 2109 facta
1579 2078 1654 2110 GH.
1676 2075 1693 2119 Η

187 2153 206 2182 5
233 2154 338 2181 erunt
362 2151 413 2181 ecl.
442 2149 559 2189 (7·ee.):
598 2149 666 2179 erit
693 2149 769 2179 GH.
801 2146 815 2189 Η
848 2147 1025 2179 habeant:
1058 2148 1107 2178 sie
1134 2147 1209 2180 GH.
1241 2144 1255 2188 Η
1289 2148 1306 2179 7
1334 2157 1355 2177 a
1385 2147 1466 2177 add.
1493 2145 1567 2177 Joe.
1597 2143 1612 2188 Η
1638 2139 1695 2188 {es

189 2206 364 2248 qullpede
391 2206 427 2243 G,
455 2204 711 2246 sesquipedem
737 2205 773 2235 Il
799 2204 910 2243 (Lle):
937 2203 1153 2244 sesquipede
1179 2203 1271 2234 Mar.
1300 2200 1315 2244 Η
1348 2203 1388 2233 10
1414 2201 1458 2232 ab
1484 2201 1604 2232 unctis
1622 2201 1696 2232 Sal-

186 2265 324 2294 masius:
352 2261 543 2293 abeunctis
571 2260 646 2291 GH.
678 2257 692 2301 Η
725 2257 895 2301 xy(i)stos
930 2259 1005 2293 GH,
1037 2256 1051 2300 Η
1087 2260 1123 2289 11
1152 2258 1312 2300 athelete
1339 2258 1382 2297 G,
1415 2255 1570 2288 athl&ae
1601 2257 1648 2289 H.
1678 2256 1693 2297 Η

190 2321 229 2350 12
255 2317 385 2349 stadiis
410 2321 487 2348 ante
511 2326 579 2347 ras.
608 2316 674 2348 H.:
701 2315 830 2346 studiis
851 2316 932 2346 (illc
950 2314 1053 2357 (Lle),
1078 2312 1092 2357 Η
1118 2317 1344 2347 exercentur.
1369 2312 1559 2344 Faciunda
1576 2316 1695 2343 autem

188 2378 293 2416 xysta
310 2391 354 2396 —-
371 2374 562 2405 stationes.
599 2371 763 2402 Proxime
797 2375 917 2403 autem
935 2389 977 2392 —
996 2373 1224 2402 exercentur.
1268 2370 1358 2401 Post
1388 2371 1528 2411 xystum
1555 2373 1617 2401 etc.
1647 2369 1697 2399 sic

192 2432 268 2464 (ill,
304 2432 415 2472 itaque
439 2429 618 2468 archetypi
638 2429 786 2468 scriptor
812 2430 867 2469 qui
890 2429 935 2459 ad
951 2429 1088 2458 alterum
1115 2428 1329 2458 exercentur
1353 2426 1585 2464 aberraverat,
1611 2435 1696 2466 quae

189 2489 309 2519 omissa
337 2488 439 2517 sensit
470 2485 582 2516 statim
612 2484 772 2519 subdidit,
810 2485 913 2524 siquis
940 2494 1007 2524 pro
1030 2493 1120 2515 more
1150 2484 1183 2514 in
1207 2483 1354 2523 mnryz'ne
1386 2486 1512 2514 notata.
1547 2481 1695 2512 ordinem

189 2555 208 2574 α
235 2543 418 2574 ΡΙιὶΙαηάνο
443 2541 628 2572 admonitus
652 2540 791 2570 reduaric
815 2540 1010 2572 Schneider.
1043 2536 1058 2581 Η
1089 2538 1224 2570 roxinie
1257 2543 1334 2569 ante
1365 2548 1454 2569 corr.
1483 2538 1509 2567 G
1540 2535 1586 2576 (in
1608 2546 1694 2567 vers.

190 2599 262 2637 ἱη.).
296 2595 310 2639 ΙΙ
344 2599 384 2629 13
409 2596 653 2638 hypaethroe:
684 2594 998 2636 hypetro(lnyp&r0
1024 2595 1073 2634 Il)
1096 2604 1160 2625 eae
1189 2595 1254 2624 GH
1279 2594 1447 2635 (hypetro
1473 2593 1541 2624 hae
1569 2593 1608 2629 L,
1634 2592 1695 2632 hy-

190 2659 292 2696 petro
308 2678 315 2685 .
332 2654 376 2695 he
401 2652 458 2693 Ic).
479 2649 494 2694 Η
520 2653 559 2682 14
584 2651 874 2692 parathromidas
900 2652 938 2691 G,
964 2650 1235 2692 paradromidas
1263 2651 1297 2680 ll
1320 2648 1425 2691 (Llc).
1450 2647 1465 2691 Η
1490 2650 1529 2680 15
1555 2648 1692 2679 athlete

193 2713 229 2749 (ι’,
257 2709 386 2741 atl&ae
412 2709 458 2739 H.
492 2705 506 2750 Η
546 2706 733 2738 faciunda:
771 2708 819 2737 sic·
853 2708 918 2737 (ill
950 2706 1080 2747 (Llcslt,
1120 2706 1276 2736 facunda
1307 2710 1384 2735 (mle
1415 2716 1504 2737 corr.
1531 2704 1573 2745 e).
1605 2702 1618 2745 Η
1656 2704 1694 2734 16

191 2771 297 2808 xysta
325 2767 358 2797 Il
382 2765 505 2806 (syxta
530 2766 550 2803 l,
576 2764 671 2794 sixta
695 2762 761 2803 elz),
788 2763 881 2794 xista
908 2764 935 2793 G
961 2762 1033 2803 (L).
1068 2759 1082 2803 Η
1113 2763 1151 2793 17
1178 2760 1393 2802 platanones
1419 2763 1454 2791 et
1478 2761 1567 2791 „locst
1594 2758 1695 2800 plata

192 2834 259 2853 non
294 2821 383 2854 ess&
410 2822 445 2852 II
470 2821 527 2861 (Ic,
560 2820 733 2862 platanon
760 2822 859 2849 osset.
884 2818 948 2859 L),
982 2818 1082 2859 plata
1108 2827 1177 2847 uon
1204 2819 1262 2847 eet
1289 2818 1325 2846 (r'.
1358 2814 1374 2857 Η
1410 2817 1452 2846 20
1483 2815 1641 2846 athletas
1668 2815 1695 2844 G

194 2880 254 2915 (hs.
281 2878 466 2909 atlilaetas
493 2876 555 2916 L):
584 2875 738 2907 atlnlSLan
774 2876 806 2904 ΙΙ
839 2875 909 2911 (rh.
937 2874 1076 2906 adffitan
1095 2874 1132 2915 Ι).
1166 2872 1181 2915 Η
1209 2875 1251 2904 24
1279 2873 1323 2903 ab
1351 2873 1416 2902 (ill
1448 2871 1503 2910 (L,
1529 2872 1572 2903 ob
1599 2871 1653 2910 le).
1676 2869 1691 2909 Η

194 2935 240 2964 Ιῑῑ
269 2937 304 2967 (1¹,
332 2935 380 2964 1111
410 2935 442 2964 [Ι
470 2932 557 2974 (sic).
