1909 3322
203 929 241 958 10

201 1268 240 1297 15

267 198 350 239 220
917 207 1126 238 VITRUvn

268 312 527 352 circumacta
556 315 674 351 trans
697 309 802 351 locis
824 310 1072 366 patentibus
1096 324 1150 350 ex
1179 309 1373 351 obscuris
1397 310 1618 364 egreditur
1643 310 1698 351 ad
1720 310 1780 352 lu-

268 394 371 419 cem.
410 392 594 433 namque
616 379 682 419 vis
704 393 789 418 una
811 384 851 419 et
872 379 1106 419 necessitas
1127 378 1343 433 utrimque
1364 376 1491 418 simul
1513 379 1719 419 orientem
1742 385 1783 420 et

267 445 534 487 occidentem
570 445 754 501 perficit.
822 460 870 486 ea
899 446 1050 486 'autem
1089 446 1212 500 signa
1252 459 1345 485 cum
1384 445 1472 486 sint
1509 460 1684 487 numero
1717 458 1781 486 ΧΠ
1809 457 1828 487 5

267 519 496 569 partesque
528 512 816 554 duodecumas
856 512 1025 568 singula
1062 512 1312 569 possideant
1350 511 1499 553 mundi
1538 519 1782 554 versentur—

268 595 349 637 que
379 580 434 621 ab
466 581 629 622 oriente
658 581 713 621 ad
745 580 1013 622 occidentem
1036 581 1324 634 continenter,
1357 587 1460 621 tunc
1491 595 1567 637 per
1589 595 1637 621 ea
1660 582 1783 636 signa

267 649 478 690 contrario
511 663 637 689 cursu
667 648 767 689 luna
797 648 921 690 stella
941 648 1144 689 Mercurii
1167 648 1350 688 Veneris
1381 648 1474 704 ipse
1504 648 1566 690 sol
1597 649 1784 705 itemque

269 716 423 758 Martis
448 723 488 757 et
519 716 639 758 Iovis
673 723 714 757 et
737 716 912 758 Saturni
943 722 990 756 ut
1021 730 1097 772 per
1127 715 1339 770 graduum
1365 717 1660 758 ascensionem
1690 731 1782 773 per-

268 790 485 825 currentes
525 783 633 825 alius
665 783 749 824 alia
779 784 1090 825 circumitionis
1128 784 1428 839 magnitudine
1467 784 1521 825 ab
1562 784 1784 825 occidente

265 852 321 893 ad
352 853 560 893 orientem
586 852 631 892 in
660 851 819 892 mundo
858 857 1163 907 pervagantur.
1230 851 1331 892 luna
1362 852 1432 892 die
1464 859 1616 894 octavo
1649 859 1689 894 et
1720 854 1782 893 vi-

267 921 455 962 censimo
488 927 529 961 et
559 919 741 975 amplius
774 919 945 960 circiter
975 919 1079 960 hora
1100 919 1206 960 caeli
1239 920 1579 961 circumitionem
1610 935 1781 977 percur-

266 1003 364 1030 rens
398 1003 452 1028 ex
483 1003 565 1044 quo
597 988 719 1042 signo
743 987 932 1043 coeperit
962 988 1024 1027 ire
1045 986 1100 1027 ad
1131 987 1176 1027 id
1208 988 1378 1043 signum
1400 988 1656 1029 revertendo
1687 1003 1782 1045 per-

267 1056 356 1096 ficit
395 1055 589 1097 lunarem
619 1069 820 1095 mensem.
891 1054 953 1095 sol
991 1061 1134 1096 autem
1174 1056 1286 1111 signi
1333 1056 1521 1111 spatium
1561 1055 1674 1113 quod
1715 1063 1779 1098 est
1808 1066 1827 1097 6

266 1122 536 1165 duodecuma
573 1138 671 1179 pars
710 1122 859 1163 mundi
897 1137 1042 1163 mense
1078 1129 1273 1165 vertente
1304 1124 1467 1165 vadens
1506 1126 1674 1166 transit.
1723 1126 1784 1167 ita

267 1203 333 1231 Xll
364 1191 585 1232 mensibus
618 1202 685 1231 XII
717 1191 938 1245 signorum
968 1190 1197 1232 intervalla
1236 1192 1513 1247 pervagando
1545 1207 1640 1233 cum
1671 1192 1784 1234 redit

266 1260 321 1300 ad
359 1259 404 1299 id
435 1260 605 1314 signum
635 1257 749 1299 unde
781 1258 968 1313 coeperit
979 1292 990 1312 7
1022 1259 1191 1315 perficit
1221 1260 1406 1315 spatium
1428 1261 1636 1302 vertentis
1668 1262 1782 1301 anni.

268 1342 322 1367 ex
354 1342 402 1368 eo
434 1341 558 1382 quem
590 1325 796 1367 circulum
826 1325 925 1366 luna
957 1327 1166 1368 terdecies
1198 1328 1242 1367 in
1264 1339 1330 1367 XII
1361 1327 1580 1369 mensibus
1612 1342 1783 1383 percur-

266 1395 344 1447 rit,
386 1408 481 1434 011111
520 1394 584 1435 301
621 1393 783 1434 eisdem
815 1394 1035 1435 mensibus
1076 1394 1207 1435 semel
1246 1396 1512 1450 permetitur.
1580 1394 1783 1436 Mercurii

267 1469 409 1502 autem
450 1468 490 1502 et
527 1461 710 1502 Veneris
750 1460 896 1503 stellae
936 1462 1047 1502 circa
1081 1461 1183 1503 solis
1222 1462 1365 1503 radios
1404 1464 1551 1519 utique
1594 1469 1782 1503 centrum

269 1544 364 1569 cum
395 1528 622 1570 itineribus
645 1536 897 1570 coronantes
920 1544 1142 1584 regressus
1164 1536 1375 1571 retrorsus
1402 1537 1442 1571 ct
1472 1530 1783 1571 retardationes

268 1597 452 1650 faciunt,
485 1597 613 1637 etiam
646 1597 903 1638 stationibus
935 1604 1111 1653 propter
1142 1611 1234 1638 eam
1265 1598 1587 1639 circinationem
1617 1613 1783 1639 moran-

267 1671 336 1705 tur
374 1665 418 1704 in
456 1664 607 1720 spatiis
639 1665 873 1720 signorum.
941 1663 987 1705 id
1025 1671 1168 1706 autem
1199 1667 1260 1706 ita
1291 1680 1383 1706 esse
1412 1666 1599 1706 maxime
1631 1680 1783 1721 cogno·
1811 1676 1829 1706 7

269 1733 403 1772 scitur
435 1746 489 1772 ex
520 1731 703 1772 Veneris
738 1731 883 1785 stella,
917 1732 1030 1788 quod
1064 1747 1111 1773 ea
1143 1747 1238 1774 cum
1271 1732 1403 1774 solem
1435 1739 1655 1789 sequatur,
1688 1739 1785 1790 post

269 1814 467 1840 occasum
499 1800 589 1840 eius
621 1814 831 1856 apparens
870 1801 914 1840 in
946 1799 1062 1841 caelo
1095 1800 1415 1857 clarissimeque
1455 1800 1601 1843 lucens
1634 1816 1783 1857 vespe-

267 1882 373 1921 rugo
412 1868 650 1919 vocitatur7
691 1867 786 1908 aliis
818 1874 961 1908 autem
999 1868 1263 1924 temporibus
1302 1884 1397 1910 eum
1435 1875 1711 1910 antecurrens
1744 1875 1785 1910 ct

269 1935 409 1975 oriens
441 1940 541 1974 ante
572 1934 709 1975 lucem
740 1934 893 1975 lucifer
923 1935 1175 1991 appellatur.
1224 1951 1278 1977 ex
1310 1951 1442 1993 eoque
1464 1951 1784 1992 nonnumquam

268 2001 411 2057 plures
444 2000 535 2041 dies
575 2003 617 2042 in
649 2017 732 2042 uno
765 2003 887 2056 signo
919 2010 1254 2058 commorantur,
1294 2004 1400 2045 alias
1432 2003 1611 2044 celerius
1644 2005 1783 2058 ingre—

270 2069 446 2109 diuntur
475 2069 519 2108 in
541 2069 723 2109 alterum
747 2071 931 2124 signum.
992 2072 1136 2127 itaque
1158 2072 1272 2127 quod
1303 2087 1387 2113 non
1408 2086 1542 2127 aeque
1573 2077 1784 2128 peragunt

269 2151 493 2177 numerum
526 2136 690 2178 dierum
728 2138 773 2177 in
805 2137 986 2193 singulis
1025 2139 1183 2193 signis,
1223 2145 1429 2195 quantum
1459 2146 1557 2181 sunt
1595 2145 1785 2181 moratae

362 2287 378 2316 1
408 2285 539 2317 circum
567 2289 665 2317 acta:
691 2287 740 2317 sic
758 2287 869 2318 ΕΘΗ.
902 2285 916 2328 Η
949 2290 1050 2319 trans
1076 2287 1167 2319 locis
1193 2288 1403 2330 patentibus
1430 2287 1458 2319 ἅτ
1484 2286 1541 2329 (ex
1559 2287 1632 2330 esso)
1659 2289 1786 2320 obscu-

271 2341 318 2371 ris
346 2341 456 2372 EGH.
488 2339 502 2383 Η
541 2344 559 2373 2
586 2344 640 2373 vis
668 2352 740 2374 una
763 2342 791 2374 ἃ.
817 2353 895 2375 nec.
922 2344 959 2374 H
983 2343 1090 2384 (Lle):
1117 2345 1173 2376 vis
1198 2354 1270 2376 una.
1296 2354 1374 2375 nec.
1394 2345 1436 2382 E,
1462 2345 1516 2376 vis
1543 2348 1579 2376 et
1603 2355 1678 2376 nec.
1708 2346 1744 2376 G.
1779 2344 1781 2383 j

270 2397 466 2438 utrimque:
503 2399 552 2429 sie
578 2398 688 2429 EGH.
721 2396 735 2440 Η
769 2401 788 2430 3
816 2398 880 2438 (14.
911 2399 963 2440 16)
997 2401 1066 2431 XII
1092 2401 1204 2432 EGH.
1237 2398 1250 2442 Η
1282 2402 1302 2431 4
1329 2400 1574 2432 duodecumas
1601 2401 1637 2431 H
1669 2399 1727 2440 (Ll
1753 2406 1785 2433 et

270 2458 346 2485 (mle
372 2464 461 2487 corr,
489 2453 537 2494 e):
566 2454 721 2485 —cimas
748 2454 810 2486 EG
836 2453 934 2497 (ecla).
966 2453 980 2497 Η
1013 2458 1031 2487 5
1058 2455 1086 2487 ἃ
1110 2457 1333 2488 occidentem
1361 2455 1455 2496 (—tc
1473 2457 1495 2497 Ι)
1522 2459 1550 2488 Ic
1571 2454 1667 2498 [—te
1691 2456 1741 2499 f]-
1764 2456 1777 2498 Ι]

270 2511 498 2541 continentes
517 2510 548 2540 Ε
566 2515 597 2541 el
614 2515 691 2541 (mle
709 2521 798 2542 corr.
819 2511 855 2543 G.
882 2509 895 2553 Η
923 2512 942 2541 G
968 2511 1058 2551 (ilem
1076 2513 1130 2552 17)
1151 2512 1305 2544 mercuri
1323 2513 1361 2543 II
1378 2510 1449 2553 (L).
1479 2510 1492 2554 Η
1522 2514 1539 2544 7
1568 2513 1782 2545 ascensione

271 2566 307 2595 ll
326 2566 455 2606 (solus).
487 2563 502 2607 Η
535 2567 554 2597 8
581 2566 763 2598 occidenti
785 2568 818 2598 ll
836 2568 904 2608 (lc).
929 2565 943 2609 Η
972 2570 991 2599 9
1018 2568 1190 2600 vicesimo
1210 2569 1289 2605 ΕΗ,
1316 2569 1512 2600 vicessimo
1534 2569 1570 2603 G.
1594 2566 1608 2612 Η
1634 2571 1673 2601 10
1697 2569 1784 2601 hora-1

271 2625 347 2652 aule
372 2632 443 2652 ras.
473 2622 515 2658 G,
549 2632 667 2653 —ram
695 2622 737 2653 E.
771 2620 784 2663 Η
825 2625 861 2654 11
889 2625 992 2665 signo
1021 2622 1124 2666 coe(e
1141 2625 1294 2665 G)perit:
1321 2626 1369 2657 sic
1393 2625 1506 2657 EGII.
1542 2624 1547 2664 Ι
1585 2627 1624 2657 13
1650 2625 1782 2656 duode-

273 2687 376 2707 cuma
403 2678 436 2707 ll
461 2678 509 2715 (et
534 2683 611 2709 ante
636 2689 723 2710 corr.
755 2678 808 2718 A).
839 2676 852 2720 Η
888 2680 926 2710 15
954 2681 1116 2721 coeperit
1144 2681 1178 2711 H
1205 2681 1362 2720 (GcLz‹·):
1402 2681 1497 2723 cepit
1521 2685 1598 2712 ante
1624 2691 1712 2713 corr.
1742 2681 1781 2721 G,

274 2733 394 2774 coepit
424 2733 467 2766 E.
506 2731 520 2775 Η
560 2736 598 2765 17
626 2744 704 2765 eum
736 2734 787 2765 sol
819 2734 953 2766 eisdem
985 2736 1066 2767 EG:
1105 2746 1184 2767 cum
1220 2736 1294 2768 sole
1327 2737 1440 2768 isdem
1472 2737 1511 2767 H
1542 2736 1645 2776 (Lle).
1687 2735 1702 2778 Η
1743 2738 1782 2768 18

274 2788 388 2820 circa:
414 2791 462 2820 sic
488 2790 600 2821 EGH.
634 2787 648 2832 Η
680 2789 798 2821 radios
824 2791 877 2821 uti
907 2801 923 2831 ρ
952 2791 1089 2832 (utique
1116 2792 1190 2833 ⁶²9⁰)
1219 2802 1296 2823 cum
1325 2794 1359 2832 (ί.
1387 2804 1414 2824 e.
1443 2793 1563 2833 quum)
1590 2793 1781 2825 itineribus

273 2849 489 2876 coronantes
517 2846 629 2877 EGH.
668 2843 681 2886 Η
723 2848 761 2877 19
799 2847 1065 2879 retardationes
1096 2847 1175 2879 EG:
1212 2859 1302 2879 —11e
1338 2850 1372 2879 H
1403 2847 1507 2889 (Leo).
1544 2845 1560 2890 Η
1597 2851 1638 2880 ‘22
1672 2849 1780 2890 quod:

272 2899 353 2939 quia
382 2900 421 2930 Ε.
455 2899 469 2941 Η
501 2902 542 2931 26
568 2901 604 2932 in
630 2903 713 2941 (uno
740 2903 816 2933 add.
845 2902 934 2942 doc.)
961 2903 1062 2944 signo
1090 2903 1201 2936 EGH.
