1899 3322
109 815 128 845 10

108 1697 128 1727 3

584 235 646 264 DE
678 235 1033 268 ARCHITECTURA
1065 240 1156 270 LIB.
1188 241 1246 271 IV.
1622 233 1674 275 97

151 334 305 376 tudine
347 336 676 378 constituantur.
747 336 850 378 haec
890 346 1033 380 autem
1079 340 1302 384 dividatur
1346 345 1392 384 in
1428 351 1571 401 partes
1612 357 1680 387 XII

154 408 195 443 et
217 416 272 443 ex
294 402 355 444 eis
379 404 569 459 quinque
602 410 644 445 et
675 403 862 446 dimidia
892 405 1075 448 latitudo
1106 408 1278 451 luminis
1311 410 1384 452 fiat
1414 412 1459 452 in
1489 413 1588 454 imo.
1640 420 1682 454 et

152 470 198 510 in
228 484 393 511 summo
434 471 710 513 contrahatur
749 474 785 514 si
816 473 897 514 erit
927 473 1071 515 lumen
1102 475 1156 517 ab
1188 478 1272 518 imo
1304 478 1359 518 ad
1389 479 1578 521 sedecim
1608 495 1679 537 pe-

153 535 250 590 des,
291 539 613 595 antepagmenti
659 551 713 580 111
751 547 874 597 parte
885 574 897 594 7
946 543 982 582 si
1027 554 1106 582 XVI
1153 543 1312 599 pedum
1355 546 1409 587 ad
1456 560 1573 601 XXV,
1613 563 1679 590 su-

152 605 297 661 perior
337 620 436 662 pars
467 605 641 646 luminis
675 607 952 649 contrahatur
994 613 1319 665 antepagmenti
1349 621 1471 669 parte
1510 627 1602 669 IIII,
1645 616 1680 657 si

151 687 177 712 a
220 672 405 728 pedibus
452 685 549 714 XXV
600 673 656 714 ad
700 687 819 728 XXX,
877 691 1043 717 summa
1094 692 1194 734 pars
1244 681 1519 739 contrahatffl·
1561 690 1678 725 ante-

150 741 375 796 pagmenti
395 747 516 797 parte
546 753 646 782 VIII.
705 741 871 799 reliqua
910 758 992 800 quo
1029 744 1182 786 altiora
1222 754 1366 799 erunt,
1406 740 1679 807 assperpen-

155 806 346 848 diculum
368 808 573 850 videntur
594 816 790 866 oportere
812 809 1039 853 conlocari.
1071 813 1166 868 ipsa
1186 819 1330 855 autem
1350 822 1682 872 antepagmenta

154 875 461 917 contrahantur
505 877 550 917 in
589 892 755 919 summo
793 892 895 919 suae
936 880 1238 922 crassitudinis
1275 894 1381 923 XIIII
1418 892 1551 940 parte.
1611 901 1677 926 su-

153 942 321 999 percilii
361 945 602 986 crassitudo
642 952 802 1001 quanta
831 953 1261 1002 antepagmentorum
1289 950 1336 990 in
1365 965 1529 993 summa
1558 960 1679 1009 parte

155 1011 237 1051 erit
259 1011 511 1053 crassitudo.
573 1014 808 1068 cymatium
830 1013 1080 1056 faciundum
1114 1023 1178 1057 est
1208 1020 1531 1073 antepagmenti
1559 1026 1680 1076 parte

155 1085 292 1131 sexta,
324 1080 568 1135 proiectura
597 1087 741 1121 autem
774 1089 932 1137 quanta
964 1090 1028 1123 est
1061 1085 1151 1124 eius
1184 1085 1439 1130 crassitudo.
1486 1086 1678 1143 scalpen-

153 1145 256 1186 dum
278 1153 342 1188 est
365 1147 598 1202 cymatium
637 1147 820 1189 lesbium
859 1164 956 1190 cum
986 1150 1215 1206 astragalo.
1277 1167 1406 1209 supra
1444 1155 1677 1210 cymatium

154 1213 268 1270 quod
291 1215 372 1256 erit
394 1215 438 1255 in
461 1214 716 1271 supercilio,
750 1215 1060 1259 conlocandum
1084 1225 1148 1259 est
1178 1218 1493 1276 hyperthyrum
1526 1223 1677 1263 crassi-

153 1281 304 1322 tudine
326 1281 570 1339 supercilii,
605 1290 646 1324 et
667 1284 712 1324 in
734 1298 782 1326 eo
805 1284 1085 1341 scalpendum
1106 1292 1170 1327 est
1199 1279 1432 1343 cymatium
1465 1288 1676 1343 doricum,

153 1348 414 1404 astragalum
460 1349 657 1392 lesbium.
734 1366 899 1393 summa
945 1352 1163 1408 scalpatur
1209 1368 1364 1396 corona
1409 1355 1536 1411 plana
1582 1371 1677 1397 cum

154 1417 340 1472 cymatio
351 1449 361 1469 ,
394 1417 637 1472 proiectura
667 1426 811 1460 autem
843 1420 934 1460 eius
968 1422 1049 1461 erit
1081 1427 1239 1476 quanta
1270 1421 1468 1464 altitudo.
1529 1438 1676 1480 super-

154 1483 244 1525 cilii
282 1484 395 1540 quod
436 1499 566 1541 supra
602 1493 936 1543 antepagmenta
973 1488 1217 1544 inponitur,
1260 1487 1417 1530 dextra
1454 1497 1583 1547 atque
1622 1492 1676 1532 si-

153 1552 290 1592 nistra
320 1552 589 1608 proiecturae
621 1554 684 1594 sie
714 1561 814 1595 sunt
844 1554 1074 1596 faciundae
1095 1557 1158 1596 uti
1182 1555 1424 1612 crepidines
1448 1565 1678 1600 excurrant

154 1626 195 1660 et
224 1620 271 1660 in
299 1634 488 1674 unguem
517 1621 612 1677 ipso
645 1622 830 1677 cymatio
862 1623 1192 1678 coniungantur.

267 1687 345 1729 Sin
374 1694 515 1728 autem
555 1689 696 1730 ionico
728 1704 884 1744 genere
915 1689 1060 1731 futura
1091 1698 1236 1744 erunt,
1275 1691 1420 1733 lumen
1457 1693 1591 1734 altum
1621 1694 1676 1734 ad

153 1754 337 1795 eundem
366 1755 540 1796 modum
572 1756 934 1812 quemadmodum
971 1758 1017 1798 in
1055 1757 1215 1800 doricis
1244 1758 1338 1799 fieri
1370 1759 1556 1802 videtur.
1615 1761 1674 1801 la-

150 1821 291 1864 titudo
338 1823 623 1864 constituatur
658 1830 705 1864 ut
743 1823 924 1866 altitudo
964 1824 1186 1866 dividatur
1222 1827 1267 1867 in
1304 1834 1447 1882 partes
1488 1828 1593 1869 duas
1635 1836 1676 1870 et

154 1888 401 1943 dimidiam,
450 1890 628 1946 eiusque
672 1891 807 1947 partis
854 1893 981 1933 unius
1026 1893 1111 1933 ima
1150 1892 1325 1934 luminis
1364 1893 1438 1935 fiat
1477 1894 1673 1936 latitudo.

155 1963 451 1998 contracturae
480 1958 541 1998 ita
570 1959 635 1999 uti
666 1959 710 1998 in
740 1958 912 2000 doricis.
974 1960 1214 2002 crassitudo
1246 1968 1674 2018 antepagmentorum

152 2023 395 2066 altitudinis
442 2023 618 2066 luminis
664 2026 707 2066 in
755 2025 896 2068 fronte
936 2039 1041 2068 XIIII
1087 2036 1232 2085 parte,
1282 2031 1514 2084 cymatium
1548 2029 1674 2072 huius

244 2253 264 2283 ‘2
281 2251 436 2284 latitudo
449 2253 549 2287 Gch
565 2253 672 2293 (Lle):
690 2254 843 2287 altitudo
862 2260 939 2286 ante
953 2266 1043 2288 corr.
1062 2256 1128 2288 GIl
1143 2244 1322 2298 (¹alt1tudo
1335 2257 1370 2293 G,
1391 2238 1555 2293 {stando
1570 2258 1637 2296 H).
1656 2260 1671 2278 Γ

153 2307 265 2341 4111.
292 2313 416 2349 parte:
453 2310 502 2340 sic
537 2309 605 2340 GH
628 2309 732 2348 (Lm.
764 2308 779 2353 Η
819 2312 849 2342 si
885 2311 978 2349 (ante
1002 2312 1100 2353 XVI)
1127 2315 1207 2346 add.
1242 2312 1340 2344 Sr-lm.
1377 2311 1390 2356 Η
1417 2312 1500 2344 XVI
1527 2312 1672 2354 pedum?

152 2365 202 2395 sic
229 2363 298 2395 GH
329 2364 365 2403 (a
391 2364 475 2396 XVI
501 2366 653 2407 pedibus
680 2366 810 2406 Sella).
842 2364 856 2408 Η
891 2368 910 2399 5
936 2368 1164 2410 part-e.IlI[.
1197 2369 1238 2400 H
1267 2368 1374 2406 (Lle):
1409 2372 1538 2409 quarta
1570 2373 1671 2410 parte

156 2419 193 2451 G.
227 2417 242 2462 Η
272 2421 291 2451 6
318 2419 362 2451 ad
395 2418 474 2462 (pro
507 2421 566 2464 ab)
593 2423 748 2464 pedibus
773 2422 813 2453 II
836 2422 1028 2464 (apedibus
1054 2424 1177 2455 Llc=
1196 2424 1250 2462 G).
1284 2422 1299 2466 Η
1330 2425 1347 2456 ‘I
1374 2435 1457 2465 quo:
1483 2426 1532 2455 sie
1559 2424 1658 2455 GHA

155 2477 192 2507 11
222 2476 432 2508 faciundum
458 2478 498 2508 II
520 2477 597 2518 (L):
630 2479 834 2510 faciendum
864 2479 891 2509 G
916 2479 986 2520 (lc).
1028 2477 1042 2521 Η
1081 2482 1119 2511 1-2
1151 2480 1404 2522 scalpendum:
1438 2480 1671 2521 sculpendum

157 2531 223 2563 GH
242 2531 332 2572 (Llc)
359 2537 393 2563 at
418 2544 496 2565 mose
520 2545 550 2565 υ.
579 2537 620 2566 15
645 2539 678 2566 el
703 2537 745 2566 16
771 2535 1006 2576 scalpendum
1033 2540 1064 2567 ec
1091 2535 1279 2577 scalpatur
1303 2547 1423 2568 omnes.
1445 2532 1459 2567 l
1489 2539 1526 2566 14
1553 2535 1670 2576 hiper-

153 2588 286 2619 thirum
316 2591 353 2623 G.
384 2586 399 2631 Η
435 2590 474 2620 16
501 2600 638 2621 summa
668 2592 824 2624 Pontem:
853 2592 943 2622 sima
973 2591 1049 2623 GH.
1084 2589 1099 2634 Η
1130 2592 1319 2634 scalpatur
1345 2592 1454 2624 Mar-,t
1482 2591 1671 2632 scalptura

156 2643 225 2676 GH
264 2644 433 2684 (lesbium
472 2646 564 2676 sima
609 2646 796 2689 scalptura
828 2653 889 2679 ete.
932 2649 1004 2679 sine
1040 2648 1164 2689 interp.
1206 2648 1290 2688 GH,
1328 2659 1396 2679 eum
1434 2649 1554 2687 interp.
1594 2652 1670 2688 post

153 2698 305 2732 lesbium
325 2700 382 2738 L).
403 2697 418 2743 Η
435 2702 473 2732 17
493 2701 647 2735 altitudo
669 2729 675 2736 .
696 2703 879 2745 Sipercilii
900 2703 936 2738 G,
957 2703 1112 2736 altitudo
1127 2729 1134 2735 .
1151 2703 1338 2745 supervilii
1354 2704 1389 2734 H
1408 2700 1470 2743 (rh,
1486 2702 1548 2733 sed
1564 2703 1601 2732 lac
1619 2702 1670 2733 al-

153 2755 269 2787 titudo
296 2757 534 2797 supercilii.).
565 2754 580 2800 Η
622 2759 662 2790 18
689 2763 796 2800 atque
822 2759 859 2790 H
885 2758 990 2799 (Llc'):
1027 2770 1068 2791 ac
1097 2761 1135 2793 G.
1168 2757 1182 2802 Η
1224 2761 1263 2791 19
1295 2758 1489 2790 faciundae
1521 2757 1559 2789 H
1589 2757 1669 2800 (L):

155 2810 346 2843 faciendae
376 2812 403 2843 G
428 2812 499 2853 (lc).
530 2811 543 2854 Η
577 2815 620 2845 20
647 2815 682 2845 ἰη
708 2825 862 2856 unguem
893 2815 1000 2846 Maru:
1033 2815 1192 2857 inungue
1228 2814 1302 2846 GH.
1346 2812 1360 2855 Η
1387 2815 1430 2845 24
1461 2815 1564 2845 unius
1597 2815 1670 2846 ima

155 2866 300 2899 luminis
329 2868 372 2901 G:
407 2869 512 2900 unius
538 2870 705 2902 simalum
740 2869 957 2910 (simmalum
982 2875 1060 2902 mite
1091 2882 1161 2904 rus.
1189 2873 1199 2901 I
1233 2868 1383 2911 [sim-‘tlit
1404 2867 1455 2911 fl)
1490 2870 1526 2900 in
1553 2870 1608 2901 his
1632 2869 1673 2901 H

157 2921 212 2961 (Ic,
237 2924 344 2955 unius
370 2925 462 2956 sima
487 2924 632 2957 luminis
658 2926 721 2957 fiat
748 2926 777 2956 L
803 2938 870 2957 cnm
896 2927 1018 2968 interl).
1048 2932 1123 2968 post
1157 2926 1220 2956 fiat
1245 2927 1291 2955 nti
1317 2926 1387 2966 GC).

199 2989 351 3013 vl'rnuv.
378 2989 423 3010 DE
450 2990 599 3016 Ancum,
1378 2980 1398 3022 7

1706 960 1747 991 10

1704 1297 1745 1329 15

1701 1970 1743 2000 25
