1909 3322
210 944 249 974 10

269 214 352 256 238
920 217 1128 247 VITRUVII

270 341 374 368 auro
412 323 652 381 perfectum
689 330 763 361 aut
805 334 860 360 ex
898 333 1066 374 gemma
1103 317 1333 359 terebrata.
1395 330 1444 356 ea
1475 317 1589 357 enim
1619 329 1698 355 nec
1727 320 1787 355 te-

270 400 423 435 runtur
459 388 667 448 percursu
702 401 838 444 aquae
875 401 955 427 nee
993 385 1140 428 sordes
1184 385 1399 440 recipiunt
1436 389 1483 424 ut
1520 382 1790 425 obturentur.

271 474 455 516 namque
484 456 721 513 aequaliter
751 469 827 511 per
858 455 904 495 id
935 468 1085 495 cavum
1118 452 1302 492 influens
1333 465 1445 506 aqua
1476 449 1675 497 sublevat
1699 463 1788 490 sca·
1816 458 1835 487 5

272 529 420 585 phium
450 528 686 578 inversum7
719 522 833 579 quod
863 522 918 563 ab
949 519 1187 562 artificibus
1219 517 1382 575 phellos
1415 518 1508 559 sive
1538 524 1791 574 tympanum

273 596 444 637 dicitur.
506 595 550 634 in
582 607 665 648 quo
698 589 918 632 conlocata
950 595 1014 630 est
1044 587 1194 642 regula
1225 584 1422 627 versatili
1452 591 1658 642 tympano
1690 584 1790 625 den-

272 662 416 704 ticulis
448 659 699 717 aequalibus
730 657 935 715 perfecta.
997 656 1069 711 qui
1101 653 1310 695 denticuli
1346 652 1455 694 alius
1494 652 1626 694 alium
1656 651 1791 708 inpel-

272 731 408 771 lentes
448 729 713 770 versationes
751 725 943 766 modicas
982 722 1147 763 faciunt
1185 728 1226 763 et
1263 722 1485 762 motiones.
1545 721 1648 761 item
1685 718 1794 759 aliae

272 797 447 853 regulae
490 796 659 851 aliaque
703 800 911 849 tympana
955 791 1009 831 ad
1056 789 1239 831 eundem
1283 788 1458 830 modum
1497 788 1672 828 dentata
1709 801 1794 827 una

274 866 462 907 motione
503 869 650 904 coacta
681 859 895 901 versando
936 858 1102 898 faciunt
1141 857 1317 898 effectus
1355 857 1675 912 varietatesque
1705 869 1792 895 mo-

274 935 453 985 tionum,
488 932 531 972 in
563 930 718 986 quibus
750 932 978 969 moventur
1009 924 1166 980 sigilla,
1201 930 1428 965 vertuntur
1456 930 1610 977 metae,
1643 921 1794 963 calculi

275 1007 349 1042 aut
381 1015 461 1042 ova
493 999 773 1054 proiciuntur,
807 994 988 1036 bucinae
1019 998 1191 1046 canunt,
1223 991 1474 1047 reliquaque
1504 1005 1700 1048 parci-ga.
1750 990 1794 1030 111
1820 997 1839 1027 6

276 1069 342 1109 his
376 1069 504 1108 etiam
535 1072 608 1106 aut
639 1066 684 1105 in
716 1062 912 1104 columna
941 1067 1015 1102 aut
1045 1061 1304 1116 parastatica
1325 1059 1454 1101 horae
1476 1058 1793 1110 describuntur,

277 1151 381 1192 quas
422 1133 611 1189 sigillum
651 1131 878 1187 egrediens
916 1129 971 1169 ab
1010 1129 1095 1170 imo
1135 1126 1306 1182 virgula
1345 1126 1560 1181 significat
1598 1127 1642 1167 in
1681 1125 1795 1166 diem

276 1210 426 1245 totum.
480 1216 660 1257 quarum
691 1199 928 1240 brevitates
959 1203 1033 1237 aut
1064 1195 1322 1236 crescentias
1350 1208 1581 1236 cuneorum
1601 1193 1811 1237 adiectus.

276 1278 350 1312 aut
381 1276 606 1325 exemptus
637 1269 682 1309 in
714 1265 895 1321 singulis
929 1264 1084 1305 diebus
1117 1270 1158 1304 et
1190 1257 1408 1304 mensibus
1439 1261 1644 1318 perficere
1666 1261 1795 1315 cogit.

276 1338 594 1395 praeclusiones
625 1348 833 1391 aquarum
863 1332 919 1373 ad
949 1330 1275 1387 temperandum
1306 1331 1366 1371 ita
1396 1336 1495 1370 sunt
1523 1329 1794 1371 constitutae.

277 1413 417 1447 metae
456 1405 564 1445 fiunt
603 1404 734 1455 duae,
775 1415 860 1442 una
900 1399 1037 1441 solida
1076 1413 1161 1439 una
1199 1413 1326 1450 cava,
1373 1403 1579 1438 externo
1610 1397 1671 1437 ita
1701 1410 1794 1452 per-

278 1475 416 1514 fectae
446 1479 494 1513 ut
523 1471 608 1512 alia
638 1472 683 1511 in
719 1469 847 1510 aliam
886 1468 996 1508 inire
1027 1466 1344 1520 convenireque
1375 1464 1531 1520 possit⁷
1574 1471 1615 1505 et
1647 1463 1794 1504 eadem

278 1541 424 1596 regula
463 1539 624 1580 laxatio
664 1552 811 1579 earum
854 1542 927 1575 aut
967 1534 1172 1575 coartatio
1205 1532 1365 1573 efficiat
1395 1538 1469 1572 aut
1499 1532 1795 1572 vehementem

212 1628 219 1634 ·
278 1616 352 1650 aut
382 1608 521 1648 lenem
552 1607 597 1647 in
629 1620 677 1646 ea
707 1618 812 1645 vasa
841 1616 976 1658 aquae
1007 1601 1257 1642 influentem
1296 1615 1481 1640 cursum.
1543 1600 1604 1640 ita
1634 1599 1700 1640 his
1731 1613 1794 1638 ra-

278 1676 469 1718 tionibus
503 1681 544 1716 et
573 1672 890 1714 machinatione
922 1685 975 1710 ex
1005 1683 1115 1724 aqua
1147 1673 1458 1723 componuntur
1478 1666 1797 1721 horologiorum

279 1744 334 1787 ad
373 1743 601 1785 hibernum
639 1755 764 1781 usum
803 1737 1132 1780 conlocationeS.
1195 1736 1262 1775 sin
1299 1741 1443 1776 autem
1480 1733 1796 1775 adiectionibus
1823 1743 1840 1772 ἰ·

280 1820 321 1853 ct
352 1810 692 1853 detractionibus
725 1806 1015 1862 correptiones
1047 1804 1214 1844 dierum
1244 1809 1317 1843 aut
1349 1802 1609 1843 crescentiae
1642 1815 1697 1841 ex
1728 1815 1797 1841 cu-

283 1881 373 1921 neis
404 1894 490 1920 non
520 1876 819 1933 probabuntur
848 1874 943 1913 fieri
954 1905 964 1925 7
1008 1870 1123 1927 quod
1154 1871 1278 1910 cunei
1317 1870 1568 1925 saepissime
1599 1869 1707 1909 vitia
1737 1868 1798 1908 fa-

240 1959 252 1976 .-
284 1949 421 1999 ciunt,
455 1946 515 1986 sic
548 1945 629 1985 crit
661 1941 979 1998 explicandum.
1042 1941 1085 1979 in
1117 1936 1340 1979 columella
1370 1937 1498 1979 horae
1531 1951 1585 1977 ex
1614 1935 1797 1977 analem-

282 2015 409 2055 matis
440 2020 687 2053 transverse
717 2009 1030 2059 describantur,
1062 2012 1391 2060 menstruaeque
1418 2004 1556 2045 lineae
1577 2002 1798 2045 columella

284 2083 522 2136 signentur.
587 2092 720 2134 eaque
759 2076 956 2117 columna
994 2072 1209 2114 versatilis
1248 2072 1514 2127 perficiatur,
1555 2072 1618 2112 uti
1656 2071 1713 2111 ad
1744 2071 1800 2111 si·

377 2233 392 2263 1
420 2235 514 2263 terre
540 2230 647 2260 brata
675 2228 711 2259 G.
745 2223 759 2268 Η
791 2227 809 2256 2
838 2233 1010 2266 pereursu
1037 2222 1182 2264 (pem-sil
1208 2220 1272 2263 L):
1304 2230 1438 2262 pcussu
1466 2220 1535 2252 GH
1558 2218 1628 2262 (le).
1661 2217 1675 2262 Η
1708 2230 1799 2261 aque

285 2289 408 2321 sordes
433 2298 500 2318 nec
526 2297 551 2317 r.
579 2290 656 2316 ante
681 2294 770 2315 corr.
801 2282 836 2313 G.
871 2279 885 2323 Η
918 2282 1130 2322 opturentur
1154 2278 1190 2308 H
1216 2276 1291 2316 (Le,
1318 2278 1392 2309 obt.
1411 2276 1454 2317 l):
1482 2276 1700 2315 obdurentur
1727 2276 1785 2316 G.¹

286 2348 305 2377 3
333 2344 520 2386 scaphium
551 2342 672 2372 Tarm:
714 2338 889 2379 scaphum
923 2335 1004 2377 (—s1
1034 2335 1073 2376 G)
1111 2334 1186 2366 GH.
1220 2330 1234 2375 Η
1274 2334 1293 2365 5
1325 2337 1380 2365 est
1411 2333 1539 2375 regula
1565 2350 1606 2354 —
1633 2331 1800 2373 perfecta

288 2402 398 2433 Muza:
439 2401 455 2430 ἓ
482 2397 608 2439 regula
639 2394 816 2428 versatile
850 2394 1023 2435 tympani]
1051 2392 1082 2422 d.
1110 2402 1141 2423 a.
1170 2392 1252 2421 sunt
1281 2389 1447 2431 perfecta
1474 2388 1549 2419 GH.
1580 2385 1595 2430 Η
1630 2389 1668 2419 11
1702 2387 1799 2418 buci—

287 2468 372 2489 nae:
400 2458 447 2487 sie
467 2455 543 2485 GH.
567 2450 581 2495 Η
607 2454 646 2484 13
665 2462 755 2492 quas
781 2451 872 2481 dost:
908 2448 1038 2490 quade
1067 2447 1107 2486 G)
1136 2446 1211 2477 Gll.
1242 2443 1256 2486 Η
1287 2444 1445 2485 sigillum
1470 2445 1507 2475 H
1533 2442 1644 2484 (Llc):
1677 2443 1708 2474 si
1736 2442 1799 2473 illfi

290 2525 327 2556 G.
361 2523 375 2566 Η
408 2525 449 2554 14
475 2531 624 2563 quarum
650 2520 741 2551 .J0c.:
770 2527 916 2558 quorum
938 2515 1013 2547 GIl.
1046 2512 1060 2556 Η
1094 2514 1134 2544 16
1161 2506 1296 2554 ῑι(]”ειζ1·ῖ1
1324 2512 1389 2544 HC.
1421 2509 1435 2554 Η
1475 2512 1515 2542 17
1542 2510 1631 2541 fiunt
1656 2533 1663 2542 .
1685 2535 1691 2541 .
1712 2534 1719 2541 .
1745 2519 1801 2540 so-

287 2579 360 2611 lida
386 2589 459 2610 una
486 2588 591 2609 cava:
630 2577 679 2607 sic·
706 2575 782 2608 GH,
821 2571 834 2615 Η
875 2575 1025 2604 externa
1057 2574 1133 2601 (mle
1165 2578 1256 2601 corr.
1285 2568 1321 2599 G.
1355 2566 1450 2610 {1420
1481 2567 1560 2598 leue
1595 2566 1633 2599 G.
1663 2563 1679 2608 Η
1712 2575 1802 2596 vasa

289 2646 407 2677 aquae
434 2636 505 2666 edi:
537 2641 723 2672 vasaquae
749 2631 786 2662 Il
811 2629 882 2668 (elz,
916 2638 1006 2660 vasa
1039 2629 1165 2668 quaest}
1190 2627 1212 2661 I)
1236 2625 1313 2665 JA),
1345 2634 1410 2655 vas
1437 2634 1527 2665 aque
1555 2623 1592 2654 G.
1627 2621 1641 2664 Η
1673 2624 1714 2653 22
1742 2631 1801 2653 eu·

289 2703 436 2723 neorum
471 2688 737 2722 adiectionibus
854 2684 1082 2717 crescentiae
1122 2692 1165 2713 ex
1205 2681 1330 2711 cuneis
1363 2690 1433 2711 non
1465 2676 1690 2721 probal›unt‘'
1725 2677 1803 2709 fieri

290 2749 332 2791 qd
362 2748 467 2779 cunei
501 2747 566 2778 GH
597 2746 806 2784 (cuneorum
839 2753 898 2783 eJJo
929 2741 1049 2777 delevi,
1084 2749 1126 2769 ex
1159 2736 1284 2768 cuneis
1316 2741 1346 2766 el
1378 2735 1456 2766 fieri
1489 2736 1553 2766 del.
1579 2733 1681 2772 doe).
1712 2731 1726 2774 Η
1760 2734 1802 2764 23

292 2804 529 2846 correptionis
554 2807 631 2833 ante
656 2811 745 2832 corr.
773 2800 810 2829 G.
839 2795 855 2840 Η
886 2798 928 2828 25
955 2808 997 2827 ex
1024 2793 1274 2826 analemmatis
1300 2793 1352 2823 ed.
1380 2790 1440 2830 (cf.
1470 2792 1546 2823 236.
1565 2791 1614 2828 2):
1640 2792 1804 2820 —rmatos

293 2862 369 2892 (r'H.
401 2859 415 2902 Η
447 2860 490 2890 26
515 2859 634 2889 lineae
662 2853 869 2888 columella:
897 2855 945 2883 sir·
972 2852 1037 2883 GH
1063 2850 1114 2889 (in
1141 2848 1207 2880 eol.
1235 2848 1313 2888 ed).
1347 2845 1361 2889 Η
1392 2848 1433 2878 27
1461 2845 1627 2877 columna
1656 2844 1803 2885 (—l[111a

294 2918 358 2956 ll):
385 2918 432 2946 sie
459 2916 533 2949 GH.
781 2914 784 2917 ’
