1909 3322
167 597 186 627 5

147 933 188 963 10

149 1271 183 1299 ]Γ

170 1282 188 1300 ι.)

212 207 265 249 OG
861 212 1070 242 VITRUVII

211 325 279 360 tus
304 317 433 358 fuerit
463 316 640 371 supinus
672 314 870 355 manibus
903 320 944 354 et
974 313 1158 370 pedibus
1189 314 1334 369 pansis
1367 314 1603 369 circinique
1634 328 1731 354 con-

213 386 396 425 locatum
436 389 630 423 centrum
668 382 714 422 in
751 381 956 423 umbilico
995 382 1108 434 eius,
1156 381 1486 434 circumagendo
1529 380 1731 421 rotunda-

212 454 369 493 tionem
392 455 668 505 utrarumque
688 464 891 490 manuum
924 455 966 490 et
996 449 1154 504 pedum
1182 448 1315 502 digiti
1344 446 1458 488 linea
1487 453 1732 502 tangentur.

211 534 296 560 non
334 518 474 558 minus
515 516 877 573 quemadmodum
916 516 1088 557 schema
1124 515 1442 557 rotundationis
1482 514 1526 555 in
1558 529 1733 570 corpore

213 586 411 638 efficitur,
444 585 547 626 item
579 584 789 641 quadrata
819 584 1063 638 designatio
1094 583 1139 624 in
1171 597 1218 624 eo
1249 583 1508 623 invenietur.
1568 597 1667 622 nam
1698 582 1733 622 si

211 669 236 694 a
266 653 449 709 pedibus
490 653 589 693 imis
621 653 677 692 ad
708 666 921 694 summum
953 657 1081 707 caput
1111 665 1306 691 mensum
1339 651 1421 691 erit
1452 664 1586 704 eaque
1616 664 1732 690 men-

213 735 311 761 sura
346 719 482 761 relata
519 719 649 761 fuerit
686 719 741 760 ad
780 734 931 760 manus
964 732 1143 774 pansas,
1182 717 1429 758 invenietur
1460 717 1611 757 eadem
1643 715 1736 758 lati-

211 789 315 829 tudo
339 789 403 828 uti
424 786 629 840 altitudo,
663 786 1022 842 quemadmodum
1044 800 1168 826 areae
1190 780 1298 841 quae
1326 785 1382 825 ad
1412 799 1606 826 normam
1638 790 1736 825 sunt

214 855 460 911 quadratae.
521 869 623 909 ergo
655 855 691 895 si
722 854 783 895 ita
813 860 968 894 natura
999 854 1240 909 composuit
1271 867 1423 908 corpus
1455 852 1737 893 hominisuti

213 922 564 979 proportionibus
586 921 779 962 membra
800 921 855 961 ad
879 935 1089 962 summam
1111 920 1411 975 figurationem
1435 919 1526 960 eius
1558 934 1734 975 respon-

214 991 364 1043 deant,
406 1005 503 1031 cum
542 1004 669 1030 causa
707 990 986 1031 constituisse
1023 988 1228 1029 videntur
1257 988 1425 1044 antiqui
1454 994 1501 1029 ut
1533 988 1662 1028 etiam
1693 987 1735 1027 in

214 1073 391 1113 operum
413 1056 752 1113 perfectionibus
785 1055 1053 1111 singulorum
1083 1056 1371 1097 membrorum
1402 1055 1457 1096 ad
1487 1056 1734 1096 universam

213 1126 375 1180 figurae
398 1125 585 1181 speeiem
614 1123 801 1164 habeant
834 1138 1103 1165 commensus
1135 1125 1417 1165 exactionem.
1476 1124 1611 1178 igitur
1641 1137 1736 1163 cum

214 1193 258 1232 in
280 1192 479 1233 omnibus
502 1191 704 1247 operibus
727 1190 898 1232 ordines
929 1191 1171 1243 traderent,
1203 1197 1294 1232 tum
1324 1191 1513 1232 maxime
1543 1191 1588 1231 in
1619 1189 1735 1230 aedi-

214 1260 294 1301 bus
328 1260 504 1301 deorum
515 1291 525 1312 7
567 1274 747 1314 quorum
786 1273 961 1314 operum
1001 1265 1041 1300 et
1080 1258 1228 1299 laudes
1269 1264 1310 1299 et
1349 1258 1499 1314 culpae
1536 1264 1737 1299 aeternae

216 1327 354 1368 solent
384 1340 649 1382 permanere.

328 1395 419 1435 Nec
439 1395 579 1435 minus
602 1408 897 1435 mensurarum
922 1395 1122 1447 rationes7
1156 1407 1264 1450 quae
1295 1394 1339 1435 in
1370 1392 1567 1436 omnibus
1599 1394 1736 1450 operi-

216 1461 294 1502 bus
335 1462 537 1502 videntur
575 1463 843 1502 necessariae
884 1476 998 1515 esse,
1047 1476 1101 1502 ex
1140 1463 1329 1517 corporis
1367 1461 1572 1502 membris
1611 1460 1736 1502 colle-

215 1534 392 1582 gerunt,
431 1529 494 1569 uti
532 1528 717 1583 digitum
757 1529 945 1584 palmum
986 1529 1138 1585 pedem
1171 1529 1383 1581 cubitum,
1416 1535 1458 1569 et
1490 1543 1560 1569 eas
1593 1527 1736 1568 distri-

218 1597 401 1637 buerunt
422 1596 466 1636 in
488 1595 725 1651 perfectum
755 1610 979 1636 numerum
989 1629 1000 1650 7
1034 1610 1159 1651 quem
1182 1595 1338 1637 Graeci
1369 1598 1540 1637 τελειον
1572 1596 1737 1648 dieunt,

217 1663 454 1719 perfeetum
500 1669 643 1703 autem
682 1664 848 1718 antiqui
886 1665 1166 1705 instituerunt
1202 1677 1425 1705 numerum
1472 1664 1545 1719 qui
1589 1663 1737 1703 decem

220 1731 390 1771 dicitur.
460 1745 643 1785 namque
676 1732 739 1784 ex}
768 1730 967 1772 manibus
1007 1731 1238 1786 digitorum
1281 1745 1457 1771 numero
1501 1730 1556 1784 ab
1596 1729 1736 1785 palmo

218 1812 291 1852 pes
332 1804 396 1838 est
436 1798 654 1839 inventus.
724 1799 760 1839 si
797 1804 941 1839 autem
973 1799 1016 1839 in
1048 1799 1243 1853 utrisque
1274 1798 1428 1853 palmis
1460 1812 1514 1839 ex
1544 1797 1737 1838 articulis

218 1865 272 1905 ab
317 1872 470 1905 natura
508 1865 653 1905 decem
693 1872 793 1906 sunt
830 1866 1035 1921 perfecti,
1079 1867 1205 1907 ctiam
1244 1865 1414 1906 Platoni
1453 1865 1614 1921 placuit
1645 1879 1737 1905 esse

219 1947 313 1973 011111
359 1946 582 1972 numerum
622 1947 672 1972 ea
714 1947 759 1972 re
798 1934 1036 1987 perfectum
1074 1933 1146 1988 qui
1185 1947 1240 1973 ex
1272 1932 1561 1987 singularibus
1592 1925 1735 1984 rebus,

218 2014 325 2054 quae
371 1999 560 2053 μοναδες
603 1998 718 2053 apud
757 1998 946 2042 Grraecos
992 1999 1214 2054 dicuntur7
1261 1999 1481 2055 perficitur
1525 1999 1734 2041 decussis.

310 2161 325 2190 1
353 2158 500 2200 sopimus
525 2158 562 2189 ΙΙ
588 2157 686 2199 (G1'l).
719 2156 732 2200 Η
765 2159 908 2200 spansis
934 2159 976 2191 E.
1009 2157 1023 2201 Η
1055 2161 1074 2191 3
1100 2162 1332 2201 utrarumque
1365 2170 1534 2191 manuum
1560 2159 1597 2191 Il
1622 2158 1732 2200 (Llc):

219 2219 454 2256 utrarumque
487 2224 603 2245 10111111
635 2225 801 2245 manuum
834 2214 978 2254 (rerum.
1006 2225 1173 2247 manuum
1200 2216 1247 2257 E>
1278 2216 1353 2250 EG.
1386 2213 1401 2258 Η
1439 2216 1626 2257 tingentur
1656 2219 1734 2247 ante

222 2282 310 2304 corr.
341 2272 377 2302 [ι’.
407 2270 454 2310 (et
475 2271 559 2311 sort.
586 2270 627 2305 Ε,
654 2271 709 2301 nbi
733 2273 939 2312 tangentur,
965 2273 1027 2303 sed
1051 2282 1072 2302 a
1098 2276 1129 2303 et
1157 2282 1201 2303 en
1226 2273 1259 2303 in
1284 2272 1383 2314 raa).
1417 2270 1432 2314 Η
1463 2273 1484 2303 4
1509 2282 1657 2303 seaema
1688 2272 1734 2305 H.

220 2338 343 2358 scema
368 2327 444 2361 EG,
483 2324 499 2369 Η
537 2328 557 2357 5
583 2336 683 2357 nam:
715 2336 868 2368 namque
894 2328 936 2359 E.
970 2325 985 2369 Η
1023 2330 1041 2360 ’7
1068 2338 1221 2370 spansas
1247 2329 1284 2359 Il
1315 2328 1395 2368 (cll).
1426 2326 1440 2370 ΙΙ
1479 2329 1520 2359 14
1545 2330 1621 2358 tum
1653 2329 1733 2360 aeid.

219 2383 319 2416 Selm.
347 2381 549 2422 (traderent
574 2382 728 2413 maxime
754 2383 799 2415 Il.
828 2383 1026 2414 traderent.
1052 2384 1207 2415 maxime
1233 2384 1323 2422 EG).
1357 2381 1372 2425 Η
1413 2384 1453 2415 15
1479 2392 1627 2424 quorum
1653 2384 1733 2414 add.

221 2438 319 2469 Selm.
349 2437 511 2478 (deorum
538 2448 685 2479 operum
712 2438 823 2469 EGll.
857 2436 871 2480 Η
910 2442 946 2470 et
970 2439 1096 2470 laudes
1124 2442 1160 2471 et
1186 2439 1316 2480 culpae
1345 2439 1412 2469 GH
1436 2438 1512 2480 (Ie):
1547 2442 1582 2470 et
1606 2438 1734 2470 laudes

221 2494 360 2535 seulpte
388 2494 420 2524 E
446 2493 491 2533 (Sc
519 2493 647 2525 laudes
675 2493 705 2524 ἃ
731 2494 884 2535 sculpta*
912 2494 967 2535 L).
1002 2493 1016 2536 Η
1050 2495 1089 2526 18
1115 2495 1347 2526 necessariae
1373 2494 1438 2525 EG
1464 2492 1542 2535 (L):
1576 2495 1673 2525 —ria
1698 2495 1736 2526 Il

221 2549 291 2590 (le).
326 2548 339 2592 Η
373 2549 602 2591 collegerunt
626 2550 714 2580 EHc
740 2549 813 2590 (L),
840 2550 1058 2591 colligerunt
1087 2551 1113 2580 G
1138 2555 1169 2581 et
1194 2555 1272 2582 ante
1303 2561 1392 2584 corr,
1421 2551 1458 2581 H
1490 2549 1734 2591 (colleguntur

220 2608 239 2637 l.
268 2605 488 2647 colliguntur
513 2606 579 2645 elz).
612 2603 626 2647 Η
657 2607 699 2637 20
724 2605 845 2637 teleon
872 2606 984 2639 Elr'll.
1026 2604 1040 2648 Η
1077 2607 1117 2637 ‘22
1145 2616 1188 2637 ex
1220 2606 1386 2637 manibus
1404 2624 1444 2627 —
1465 2607 1657 2637 inventus:
1684 2607 1733 2636 sie

226 2662 333 2694 mill.
372 2659 386 2703 Η
423 2671 571 2693 numero
607 2672 666 2702 etqn
708 2659 890 2700 (numerus
928 2664 978 2693 ed.
1026 2660 1108 2702 Fl.):
1157 2661 1306 2693 numeri]
1351 2661 1429 2703 (per
1466 2662 1486 2692 1“1
1524 2672 1588 2702 pro
1619 2672 1656 2698 o,
1699 2666 1734 2691 nl

220 2738 322 2768 saepe
347 2730 379 2759 in
404 2729 641 2770 antiquissimis
665 2728 847 2768 codicibus)
873 2729 944 2759 ΕΗ
970 2728 1076 2769 (Llc),
1101 2739 1221 2759 —rum
1246 2728 1249 2768 Ι
1274 2729 1311 2760 G.
1340 2726 1354 2771 Η
1382 2730 1424 2760 23
1450 2729 1480 2759 si
1507 2730 1627 2759 autem
1655 2716 1734 2767 (alst

227 2784 298 2822 ΕΗ)
326 2784 361 2813 in
386 2785 549 2826 utrisque
567 2783 698 2825 palmis
717 2794 759 2815 ex
778 2784 959 2815 articulis:
985 2786 1034 2816 sic
1050 2784 1163 2816 EGH.
1187 2781 1202 2826 Η
1224 2785 1266 2815 25
1285 2785 1345 2824 qui
1363 2794 1440 2826 esso:
1469 2783 1562 2825 quod
1581 2784 1693 2817 ΕΘΗ.
1714 2782 1729 2826 ΙΙ

222 2839 264 2868 2ss
290 2840 460 2871 monades
487 2841 599 2872 EGH.
631 2838 646 2881 Η
677 2839 859 2880 decusisq3
886 2840 992 2871 simul
1018 2841 1054 2871 Il
1080 2840 1135 2879 (le,
1161 2839 1317 2873 decusis.
1345 2839 1450 2872 simul
1477 2840 1542 2882 L),
1575 2840 1732 2871 decusis.

224 2893 325 2933 Quae
354 2895 445 2937 (Que
474 2896 514 2936 G)
542 2895 642 2927 simul
670 2896 744 2928 EG.
913 2914 929 2933 ο

1762 1406 1782 1436 251
