1909 3322
218 955 254 985 10

277 224 359 264 284
591 229 798 260 vlrvan
830 228 890 256 DE
922 226 1275 256 ARCHlTEOTURA
1308 226 1400 255 ΜΒ.
1419 211 1475 254 “Χ.

276 333 541 377 Massilitani
579 330 787 387 suspicati
824 324 957 370 totam
996 343 1103 384 quae
1134 328 1272 369 fuerat
1302 333 1401 368 ante
1432 341 1600 367 murum
1631 326 1791 368 fossam

276 402 429 443 altiore
474 400 643 441 fossura
687 397 1006 453 depresserunt.
1072 397 1133 436 ita
1175 410 1327 451 specus
1375 408 1521 435 omnes
1567 395 1709 435 exitus
1747 395 1792 434 in

277 470 439 511 fossam
475 467 731 508 habuerunt.
791 463 948 520 quibus
993 470 1136 504 autem
1180 462 1285 503 locis
1323 461 1439 503 fossa
1474 476 1560 502 non
1596 467 1794 517 potuerat

278 537 384 589 fieri,
417 537 531 576 intra
560 548 729 574 murum
758 532 1009 573 barathrum
1038 530 1304 586 amplissima
1334 527 1605 583 longitudine
1637 534 1678 569 et
1707 543 1792 569 am-

278 603 492 661 plitudine
522 602 586 642 uti
616 601 829 657 piscinam
859 599 1055 639 fecerunt
1087 603 1234 638 contra
1257 611 1353 637 eum
1373 595 1514 636 locum
1536 611 1619 651 qua
1640 610 1793 652 specus

277 671 538 727 agebantur,
572 682 750 724 eamque
781 682 802 708 e
833 667 972 723 puteis
1005 671 1046 706 et
1078 680 1099 705 e
1130 670 1257 721 portu
1286 663 1589 720 impleverunt.
1649 663 1794 719 itaque

280 754 377 780 cum
414 752 567 794 specus
606 742 718 777 esset
757 740 933 791 repente
962 732 1138 774 naribus
1169 732 1353 788 apertis,
1395 731 1626 771 vehemens
1657 745 1794 786 aquae

281 808 346 848 vis
377 806 557 846 inmissa
589 802 885 859 supplantavit
916 799 1113 852 fulturas,
1147 800 1305 855 quique
1336 799 1448 839 intra
1469 797 1644 839 fuerunt
1676 804 1716 839 et
1737 797 1791 838 ab

278 888 413 930 aquae
451 870 727 913 multitudine
760 876 800 910 et
830 868 884 909 ab
916 868 1041 908 ruina
1078 882 1229 923 specus
1269 881 1414 907 omnes
1454 872 1553 906 sunt
1584 865 1792 922 oppressi.

281 943 410 983 etiam
445 954 541 980 cum
578 953 713 993 agger
742 936 798 977 ad
829 950 998 977 murum
1026 941 1173 976 contra
1205 949 1275 975 eos
1308 939 1627 990 compararetur
1658 939 1699 973 et
1729 947 1793 972 ar-

279 1008 457 1051 boribus
497 1007 653 1047 excisis
693 1018 826 1061 eoque
865 1002 1096 1044 conlocatis
1128 1002 1245 1044 locus
1278 1001 1480 1057 operibus
1514 1014 1793 1055 exaggerare-

279 1083 369 1129 tur,
408 1073 596 1115 ballistis
628 1078 773 1113 vectes
805 1071 967 1111 ferreos
1007 1069 1238 1110 candentes
1269 1069 1315 1109 in
1344 1068 1390 1109 id.
1419 1067 1630 1109 mittendo
1661 1073 1796 1109 totam

279 1143 561 1184 munitionem
599 1145 831 1194 coegerunt
869 1137 1147 1192 conflagrare.
1208 1136 1379 1178 testudo
1417 1142 1559 1176 autem
1595 1135 1796 1175 arietaria

281 1226 376 1251 cum
405 1209 461 1250 ad
491 1222 660 1249 murum
690 1205 951 1263 pulsandum
980 1206 1250 1256 accessisset,
1282 1204 1568 1260 permiserunt
1597 1202 1795 1258 laqueum

282 1285 322 1319 et
360 1293 408 1319 eo
440 1278 575 1318 ariete
606 1275 963 1329 constricto,·per
992 1279 1246 1328 tympanum
1278 1277 1425 1325 ergata
1456 1270 1795 1324 circumagentes

281 1360 487 1401 suspenso
527 1344 665 1399 capite
705 1342 794 1382 eius
825 1355 911 1381 non
942 1346 1041 1381 sunt
1071 1340 1189 1396 passi
1219 1339 1339 1393 tangi
1370 1352 1560 1390 murum,
1601 1336 1796 1392 doneque

279 1419 413 1454 totam
450 1410 694 1452 machinam
724 1407 933 1449 malleolis
966 1407 1249 1448 candentibus
1282 1416 1323 1447 et
1352 1404 1626 1446 ballistarum
1655 1403 1795 1460 plagis

282 1480 618 1536 dissipaverunt.
678 1477 739 1517 ita
778 1490 827 1516 ea
865 1476 1048 1516 victoria
1093 1475 1292 1515 civitates
1336 1488 1422 1514 non
1465 1471 1674 1512 machinis
1720 1470 1796 1512 sed

282 1553 429 1589 contra
478 1544 771 1585 machinarum
819 1543 1030 1584 rationem
1078 1540 1411 1582 architectorum
1461 1538 1647 1580 sollertia
1699 1544 1797 1579 sunt

215 1633 222 1643 u
282 1614 503 1655 liberatae.

396 1680 515 1732 Quas
547 1679 669 1736 potui
699 1677 752 1718 de
782 1677 993 1718 machinis
1026 1677 1231 1733 expedire
1257 1676 1445 1716 rationes
1470 1681 1511 1715 et
1532 1674 1651 1729 pacis
1674 1671 1796 1714 belli-

283 1763 365 1805 que
394 1747 660 1804 temporibus
691 1745 944 1786 utilissimas
977 1745 1150 1800 putavi,
1190 1744 1235 1784 in
1265 1743 1344 1784 hoc
1375 1741 1591 1783 volumine
1622 1740 1797 1796 perfeci.

283 1818 327 1857 in
365 1815 581 1872 prioribus
623 1828 726 1854 vero
764 1827 920 1854 novem
959 1812 1011 1853 (le
1050 1810 1230 1865 singulis
1269 1809 1500 1865 generibus
1532 1815 1573 1849 et
1604 1807 1798 1864 partibus

284 1885 542 1939 comparavi,
575 1882 639 1922 uti
669 1887 806 1922 totum
837 1895 991 1936 corpus
1023 1879 1164 1920 onmia
1193 1877 1504 1918 architecturae
1534 1875 1727 1916 membra
1755 1875 1797 1915 in

286 1951 432 1991 decem
464 1948 756 1991 voluminibus
787 1947 966 1988 liaberet
998 1945 1226 2002 explicata.
1380 1932 1383 1935 Δ

377 2123 394 2152 1
421 2119 625 2151 masilitani
651 2118 714 2149 EG
739 2122 771 2149 et
795 2122 872 2148 (mle
899 2127 988 2149 corr.
1015 2116 1053 2146 H
1079 2114 1205 2156 (mass-
1231 2115 1331 2153 Hele,
1358 2112 1617 2146 massilinitani
1642 2110 1700 2154 L).
1731 2109 1746 2154 Η
1779 2113 1799 2143 4

287 2177 497 2228 Βᾶτειτὶᾷῑιιιη
531 2187 587 2218 GC.
619 2184 633 2227 Η
667 2186 686 2216 5
718 2188 757 2216 ut
788 2185 831 2217 E.
870 2181 885 2225 Η
924 2185 964 2215 13
997 2183 1202 2224 conflagare
1237 2182 1302 2213 GH
1339 2185 1371 2212 et
1407 2186 1484 2212 ante
1515 2191 1604 2212 corr.
1639 2179 1679 2212 E.
1711 2176 1726 2220 Η
1760 2180 1800 2210 14

285 2246 487 2286 pmiserunt
519 2241 596 2283 (sic)
630 2241 742 2274 EGH.
782 2238 796 2282 {l
837 2241 875 2270 16
908 2240 1068 2280 doneque
1099 2249 1177 2280 eqo:
1215 2237 1372 2278 denique
1405 2237 1507 2268 EGH
1538 2236 1630 2275 (Mc,
1662 2236 1724 2266 sed
1756 2234 1800 2265 Gc

287 2300 471 2341 deinque).
505 2296 519 2341 Η
553 2300 593 2330 18
618 2308 675 2328 ea:
712 2307 777 2328 eae
804 2297 842 2326 II
866 2295 959 2335 <hmo
986 2295 1032 2331 L,
1058 2296 1121 2325 sed
1143 2304 1248 2335 snpra
1274 2304 1326 2324 eae
1353 2294 1417 2329 Lc,
1443 2293 1487 2323 he
1514 2294 1538 2328 I,
1565 2291 1609 2333 he
1633 2291 1703 2330 elz),
1729 2290 1799 2321 hae

290 2358 361 2390 EG,
395 2354 409 2398 [1
441 2354 596 2386 victoria
621 2354 690 2384 ecl.:
719 2352 893 2384 victoriae
922 2351 1031 2382 ΕΘΗ.
1061 2347 1075 2393 Η
1110 2351 1284 2382 civitates
1310 2348 1430 2381 Schn.:
1459 2347 1612 2379 civitati]
1640 2346 1751 2377 EGH.
1783 2344 1796 2385 ll

288 2415 327 2444 21
356 2413 515 2444 rationes
542 2410 644 2451 pacis
677 2408 778 2439 EGH
810 2408 861 2445 (et
892 2409 972 2438 add.
1008 2405 1134 2445 Solem).
1166 2403 1181 2447 Η
1219 2407 1260 2436 22
1286 2403 1366 2435 t.&
1392 2402 1445 2444 (et
1477 2402 1555 2443 EG)
1586 2401 1799 2433 utilissimas

291 2469 393 2500 EGH
419 2467 470 2508 (et
488 2468 553 2499 del.
580 2464 708 2504 Solae.)-
742 2461 758 2505 Η
789 2464 831 2494 25
858 2463 973 2494 decim
998 2466 1037 2495 le.

381 2556 536 2589 Vitruvii
554 2555 649 2586 liber
666 2555 697 2585 X
718 2552 868 2593 explicit
886 2552 1050 2583 feliciter
1068 2550 1242 2589 (decimus
1262 2548 1345 2590 exp}
1363 2537 1487 2580 felicit
1498 2547 1552 2587 L).
1580 2547 1635 2578 ])ῦ
1662 2547 1799 2588 gratias

292 2624 395 2645 amen
421 2614 458 2643 ll
475 2613 531 2652 (L.
551 2610 709 2643 Vitruvii
726 2609 818 2640 liber
836 2608 995 2639 <lecimus
1015 2606 1162 2647 explicit
1180 2605 1339 2636 felicitur
1366 2602 1440 2644 (sic)
1456 2627 1462 2634 .
1481 2613 1585 2634 amen
1601 2614 1627 2640 c,
1654 2603 1800 2634 Victru-

289 2671 340 2702 vii
357 2670 450 2700 liber
468 2669 626 2699 decimus
645 2665 796 2706 explicit
815 2663 984 2697 feliciter,
1015 2673 1119 2693 amen
1136 2662 1165 2697 le,
1193 2661 1353 2702 Explicit
1369 2660 1461 2691 liber
1480 2659 1638 2690 decimus
1653 2657 1799 2689 vitruvii

293 2726 356 2757 feli
369 2724 371 2766 ξ
383 2729 438 2756 ter
463 2734 567 2756 amen
591 2724 628 2763 l),
656 2720 813 2754 Vitruvii
827 2744 834 2751 .
848 2719 941 2751 liber
956 2745 962 2752 .
978 2719 1009 2749 X
1026 2743 1032 2750 .
1051 2717 1224 2760 explicit.
1239 2717 1423 2750 feliciter.
1438 2726 1543 2746 amen
1557 2739 1565 2746 .
1587 2714 1656 2745 EG.
