1909 3322
237 226 292 266 64
890 226 1099 256 VITRUVH

239 336 428 378 sollertia
459 332 638 383 defecit,
684 330 760 371 sed
797 335 871 370 aut
911 328 971 369 rei
1008 326 1235 368 familiaris
1275 324 1491 379 exiguitas
1529 328 1603 363 aut
1638 321 1758 362 inbe-
1781 361 1790 370 ,

240 403 393 444 cillitas
440 400 638 441 fortunae
684 412 759 439 seu
803 398 850 438 in
889 395 1125 436 ambitione
1163 392 1412 433 certationis
1451 390 1761 430 contrariorum

240 469 458 526 superatio
481 466 652 508 obstitit
675 479 818 506 eorum
842 463 1061 518 dignitati.
1111 475 1190 502 nec
1211 466 1355 501 tamen
1377 464 1441 499 est
1462 455 1762 498 admirandum
1787 465 1807 494 3

241 539 277 578 si
305 541 479 593 propter
508 534 756 589 ignotitiam
785 532 889 572 artis
921 531 1105 571 virtutes
1137 528 1436 579 obscurantur,
1468 524 1544 566 sed
1574 525 1763 565 maxime
1789 555 1791 559 Α

241 604 579 658 indignandum,
619 616 716 643 cum
747 601 876 640 etiam
909 612 1037 654 saepe
1069 595 1342 637 eblandiatur
1372 593 1512 648 gratia
1543 592 1761 633 convivio-

239 687 334 713 rum
369 686 395 712 a
438 671 553 712 veris
592 668 765 710 iudiciis
803 666 956 707 falsam
993 664 1305 721 probationem.
1369 675 1469 716 ergo
1499 660 1564 701 uti
1596 659 1764 701 Socrati

238 739 401 796 placuit
451 739 489 779 si
533 739 594 779 ita
638 750 788 778 sensus
829 741 869 775 et
908 734 1148 774 sententiae
1189 730 1479 785 scientiaeque
1519 725 1761 782 disciplinis

239 813 391 848 auctae
428 807 683 862 perspicuae
722 810 764 844 et
802 800 1050 859 perlucidae
1086 800 1294 852 fuissent,
1333 812 1419 838 non
1456 796 1596 851 gratia
1625 807 1764 849 neque

239 874 418 915 ambitio
450 872 638 925 valeret,
680 870 756 912 sed
789 871 823 911 si
856 869 928 925 qui
959 869 1074 909 veris
1107 867 1320 922 certisque
1351 863 1572 905 laboribus
1605 861 1762 903 doctri-

174 952 216 982 10
240 957 390 983 narum
427 941 726 998 pervenissent
762 937 818 978 ad
857 936 1084 978 scientiam
1123 948 1351 986 summam,
1392 932 1452 972 eis
1490 930 1603 972 ultro
1635 943 1766 985 opera

241 1010 526 1052 traderentur.
602 1007 804 1063 quoniam
847 1010 987 1046 autem
1035 1018 1083 1043 ea
1127 1017 1212 1043 non
1252 1006 1351 1042 sunt
1388 999 1589 1040 inlustria
1625 1010 1765 1052 neque

243 1077 496 1134 apparentia
541 1077 586 1116 in
623 1079 822 1131 aspectu,
868 1079 916 1114 ut
952 1077 1152 1128 putamus
1192 1068 1453 1125 oportuisse,
1492 1073 1533 1107 et
1571 1063 1763 1106 animad-

243 1151 364 1186 verto
395 1144 536 1200 potius
568 1143 765 1184 indoctos
798 1155 923 1196 quam
956 1139 1104 1180 doctos
1135 1138 1276 1192 gratia
1305 1149 1522 1191 superare,
1554 1148 1640 1175 non
1672 1146 1765 1174 esse

244 1213 496 1253 certandum
518 1210 715 1253 iudicans
748 1223 844 1249 cum
873 1207 1059 1249 indoctis
1089 1205 1337 1257 ambitione,
1369 1203 1512 1259 potius
1543 1201 1610 1242 his
1641 1214 1762 1257 prae-

179 1288 219 1319 15
246 1281 381 1336 ceptis
414 1279 541 1320 editis
573 1276 798 1319 ostendam
828 1281 1000 1317 nostrae
1031 1273 1237 1315 scientiae
1267 1271 1488 1312 virtutem.

359 1347 512 1402 Itaque
522 1379 533 1399 ,
572 1347 826 1401 imperator,
866 1343 911 1383 in
949 1343 1088 1398 primo
1120 1340 1342 1382 volumine
1379 1337 1462 1379 tibi
1501 1336 1554 1377 de
1593 1342 1685 1377 arte
1726 1342 1768 1377 et

248 1430 351 1471 quas
388 1415 546 1455 habeat
584 1428 633 1454 ca
670 1413 854 1453 virtutes
894 1409 1136 1466 quibusque
1175 1406 1417 1462 disciplinis
1449 1410 1643 1461 oporteat
1674 1418 1768 1445 esse

247 1489 418 1523 auctum
439 1481 721 1523 architectum
744 1478 940 1534 exposui,
973 1483 1013 1518 et
1035 1476 1199 1517 subieci
1221 1489 1370 1515 causas
1394 1472 1499 1528 quid
1529 1473 1590 1513 ita
1621 1486 1765 1512 carum

249 1556 442 1606 oporteat
479 1563 575 1589 eum
617 1562 710 1589 esse
740 1547 947 1603 peritum,
987 1545 1260 1598 rationesque
1291 1555 1480 1583 summae
1510 1540 1767 1580 architectu-

181 1626 224 1656 20
248 1632 319 1659 rae
370 1617 598 1674 partitione
643 1613 847 1655 distribui
892 1611 1247 1666 finitionibusque
1290 1608 1535 1650 terminavi.
1610 1606 1768 1647 deinde

249 1684 363 1741 quod
395 1690 484 1725 erat
514 1683 699 1739 primum
730 1688 771 1722 et
801 1681 1111 1731 necessarium,
1152 1678 1207 1718 de
1237 1676 1461 1718 moenibus
1494 1674 1765 1730 quemadmo-

249 1753 352 1793 dum
373 1751 588 1806 eligantur
618 1749 702 1790 loci
735 1747 928 1790 salubres
959 1744 1360 1787 ratiocinationibus
1393 1743 1596 1800 explicui,
1628 1742 1766 1782 venti-

249 1834 331 1875 que
376 1819 449 1875 qui
493 1820 579 1860 sint
617 1823 658 1858 et
696 1830 718 1856 e
757 1814 912 1871 quibus
963 1813 1122 1869 singuli
1168 1813 1336 1868 spirent
1381 1808 1767 1852 deformationibus

249 1887 495 1942 grammicis
534 1883 727 1936 ostendi,
771 1882 1095 1938 platearumque
1135 1887 1177 1921 et
1217 1880 1413 1920 vicorum
1449 1879 1513 1919 uti
1545 1876 1768 1918 emendate

183 1963 225 1993 ‘25
250 1955 354 1995 fiant
375 1953 701 1993 distributiones
724 1951 768 1990 in
788 1950 1012 1991 moenibus
1045 1949 1172 1990 docui
1202 1954 1243 1988 ct
1272 1947 1333 1987 ita
1362 1945 1600 1986 finitionem
1630 1945 1767 2000 primo

252 2021 460 2063 volumini
492 2019 710 2061 constitui.
770 2019 873 2058 item
896 2019 939 2057 in
961 2017 1147 2058 secundo
1180 2015 1233 2055 de
1262 2014 1444 2054 materia
1475 2027 1577 2068 quas
1609 2011 1765 2052 habeat

252 2091 296 2131 in
335 2087 536 2144 operibus
574 2085 781 2126 utilitates
822 2091 863 2125 ot
903 2083 1058 2140 quibus
1096 2081 1332 2124 virtutibus
1375 2094 1396 2120 e
1433 2086 1587 2120 natura
1626 2093 1767 2119 rerum

252 2158 308 2198 sit
355 2161 600 2211 comparata
642 2153 801 2209 peregi.
880 2166 992 2192 nunc
1037 2152 1081 2192 in
1125 2151 1254 2191 tertio
1298 2149 1352 2189 de
1390 2148 1567 2189 deorum
1610 2147 1767 2187 inmor-

251 2224 403 2265 talium
441 2221 620 2263 aedibus
653 2221 784 2261 sacris
817 2220 957 2260 dicam
990 2226 1031 2260 et
1059 2220 1124 2260 uti
1155 2223 1351 2273 oporteat
1381 2215 1643 2272 perscriptas
1675 2228 1769 2254 esse

185 2301 227 2330 30
252 2306 422 2349 ponam.

196 614 215 643 Οἱ

349 2478 363 2507 1
393 2473 494 2506 aurei
525 2477 602 2504 ante
635 2482 725 2504 corr.
761 2472 788 2503 G
822 2471 906 2510 (aut
932 2470 984 2503 rei
1008 2470 1116 2510 EGc).
1149 2465 1164 2510 ΙΙ
1196 2470 1215 2500 2
1243 2466 1465 2499 certationes
1491 2465 1533 2497 E.
1571 2460 1588 2507 l]
1619 2466 1638 2496 3
1664 2474 1769 2506 supe-

257 2533 351 2564 ratio
376 2531 465 2564 Joc.:
493 2529 655 2571 superati
681 2528 792 2559 EGH.
825 2525 839 2567 Η
870 2529 889 2558 4
916 2527 1123 2558 innotitiam
1150 2524 1191 2555 E.
1222 2521 1237 2565 ΙΙ
1265 2525 1285 2555 5
1305 2522 1536 2554 eblandiatur
1561 2531 1638 2562 eqo:
1665 2520 1769 2552 blan—

258 2590 404 2620 diantur
429 2591 506 2617 ante
531 2596 621 2619 corr.
644 2584 680 2621 G,
701 2583 865 2615 —diatur
882 2583 972 2617 EGO,
999 2577 1187 2614 blandiaffl
1216 2580 1252 2610 H
1270 2577 1312 2620 (e,
1332 2582 1434 2609 —tur
1452 2580 1471 2613 I,
1489 2577 1675 2610 blanditur
1692 2581 1769 2608 aule

259 2655 348 2677 (sorr.
375 2642 433 2683 L).
466 2638 480 2684 Η
512 2642 531 2672 6
558 2640 689 2672 salsam
713 2649 789 2681 eyo:
825 2638 1002 2670 adfalsam
1021 2637 1134 2669 EGH.
1171 2632 1187 2676 Η
1224 2635 1243 2666 9
1262 2633 1486 2674 doctrilnam
1512 2639 1588 2666 ante
1613 2643 1703 2666 corr.
1732 2632 1769 2663 G.

260 2701 445 2742 (——narum
470 2696 577 2737 EGv).
610 2694 624 2738 Η
656 2696 696 2727 21
723 2694 959 2726 demoenibus
985 2693 1087 2725 EGH
1112 2691 1172 2732 (lc,
1205 2690 1440 2722 doemonibus
1466 2690 1549 2730 L.').
1584 2687 1599 2730 ΙΙ
1631 2689 1672 2719 22
1698 2687 1770 2719 loci

263 2756 321 2797 (L)
349 2758 419 2788 ech:
446 2754 536 2786 locis
564 2752 664 2784 EGH
690 2749 761 2791 (Ic).
792 2747 807 2792 ΙΙ
839 2752 880 2782 23
906 2750 1045 2792 spirent
1070 2749 1139 2780 ecl.:
1168 2747 1307 2787 spirant
1332 2745 1444 2778 EGH.
1477 2742 1491 2786 ΙΙ
1528 2746 1571 2776 24
1602 2744 1769 2786 grammi-

263 2814 315 2842 cis
340 2813 427 2845 .loe.:
455 2808 703 2853 grammaticis
728 2806 839 2838 EGIl.
871 2803 886 2848 [l
918 2806 959 2837 26
984 2803 1157 2837 volumini
1183 2802 1300 2836 Solem:
1328 2801 1508 2834 volumine
1535 2799 1648 2832 ΕΘΗ.
1681 2797 1696 2841 11
1727 2799 1770 2830 28

264 2868 311 2897 sit.
337 2867 451 2897 Solem:
481 2868 535 2898 est
559 2864 672 2897 EGH.
704 2860 718 2905 Η
751 2861 955 2894 mortalium
981 2872 998 2892 e
1022 2866 1054 2892 et
1077 2864 1154 2892 ante
1172 2869 1260 2890 corr.
1285 2859 1304 2889 Ιι
1332 2855 1381 2898 (ut
1404 2866 1510 2898 snpra
1524 2866 1559 2897 p.
1579 2857 1632 2893 62,
1660 2854 1729 2896 12).
1753 2852 1767 2895 ll

264 2924 306 2954 29
333 2932 411 2954 csse
437 2931 568 2964 ponam
593 2930 669 2962 390:
699 2928 875 2961 exponam
901 2917 1004 2948 EGH
1031 2915 1124 2956 (esse
1150 2915 1228 2947 add.
1254 2915 1306 2947 ed.
1333 2911 1411 2955 Fa).
