<?xml version="1.0" encoding="UTF-8"?>
<!DOCTYPE html PUBLIC "-//W3C//DTD XHTML 1.0 Transitional//EN"
    "http://www.w3.org/TR/xhtml1/DTD/xhtml1-transitional.dtd">
<html xmlns="http://www.w3.org/1999/xhtml" xml:lang="en" lang="en">
 <head>
  <title>
</title>
<meta http-equiv="Content-Type" content="text/html;charset=utf-8" />
  <meta name='ocr-system' content='tesseract 3.04.00' />
  <meta name='ocr-capabilities' content='ocr_page ocr_carea ocr_par ocr_line ocrx_word'/>
</head>
<body>
  <div class='ocr_page' id='page_1' title='image "./dearchitecturali00vitruoft_0129.png"; bbox 0 0 1899 3322; ppageno 0'>
   <div class='ocr_carea' id='block_1_1' title="bbox 577 233 1650 274">
    <p class='ocr_par' dir='ltr' id='par_1_1' title="bbox 577 233 1650 274">
     <span class='ocr_line' id='line_1_1' title="bbox 577 233 1650 274; baseline 0.006 -7"><span class='ocrx_word' id='word_1_1' title='bbox 577 238 639 267; x_wconf 87' lang='lat' dir='ltr'>DE</span> <span class='ocrx_word' id='word_1_2' title='bbox 670 238 1025 270; x_wconf 82' lang='lat' dir='ltr'><strong>ARCHITECTURA</strong></span> <span class='ocrx_word' id='word_1_3' title='bbox 1057 242 1148 272; x_wconf 89' lang='lat' dir='ltr'>LIB.</span> <span class='ocrx_word' id='word_1_4' title='bbox 1182 242 1223 271; x_wconf 70' lang='lat' dir='ltr'>V.</span> <span class='ocrx_word' id='word_1_5' title='bbox 1575 233 1650 274; x_wconf 78' lang='grc'>111</span> 
     </span>
    </p>
   </div>
   <div class='ocr_carea' id='block_1_2' title="bbox 128 339 1653 599">
    <p class='ocr_par' dir='ltr' id='par_1_2' title="bbox 128 339 1653 599">
     <span class='ocr_line' id='line_1_2' title="bbox 131 339 1653 400; baseline 0.005 -21"><span class='ocrx_word' id='word_1_6' title='bbox 131 339 383 380; x_wconf 87' lang='lat' dir='ltr'>continuata</span> <span class='ocrx_word' id='word_1_7' title='bbox 417 353 511 380; x_wconf 38' lang='grc' dir='ltr'>Κ1*οΧ</span> <span class='ocrx_word' id='word_1_8' title='bbox 540 354 680 395; x_wconf 89' lang='lat' dir='ltr'>neque</span> <span class='ocrx_word' id='word_1_9' title='bbox 710 341 755 380; x_wconf 92' lang='lat' dir='ltr'>in</span> <span class='ocrx_word' id='word_1_10' title='bbox 786 340 1054 382; x_wconf 86' lang='lat' dir='ltr'>finitionibus</span> <span class='ocrx_word' id='word_1_11' title='bbox 1088 344 1284 384; x_wconf 77' lang='lat' dir='ltr'>consistit</span> <span class='ocrx_word' id='word_1_12' title='bbox 1315 358 1455 400; x_wconf 84' lang='lat' dir='ltr'>neque</span> <span class='ocrx_word' id='word_1_13' title='bbox 1486 345 1530 384; x_wconf 90' lang='lat' dir='ltr'>in</span> <span class='ocrx_word' id='word_1_14' title='bbox 1560 344 1653 386; x_wconf 86' lang='lat' dir='ltr'>loco</span> 
     </span>
     <span class='ocr_line' id='line_1_3' title="bbox 129 404 1651 466; baseline 0.005 -21"><span class='ocrx_word' id='word_1_15' title='bbox 129 404 217 446; x_wconf 92' lang='lat' dir='ltr'>ullo</span> <span class='ocrx_word' id='word_1_16' title='bbox 235 438 246 458; x_wconf 80' lang='grc'>,</span> <span class='ocrx_word' id='word_1_17' title='bbox 296 405 517 462; x_wconf 86' lang='lat' dir='ltr'>efficitque</span> <span class='ocrx_word' id='word_1_18' title='bbox 571 408 897 449; x_wconf 84' lang='lat' dir='ltr'>terminationes</span> <span class='ocrx_word' id='word_1_19' title='bbox 948 423 1034 449; x_wconf 92' lang='lat' dir='ltr'>non</span> <span class='ocrx_word' id='word_1_20' title='bbox 1085 418 1342 466; x_wconf 76' lang='lat' dir='ltr'>apparentes</span> <span class='ocrx_word' id='word_1_21' title='bbox 1361 445 1372 465; x_wconf 82' lang='lat'><em>‚</em></span> <span class='ocrx_word' id='word_1_22' title='bbox 1423 412 1651 453; x_wconf 70' lang='lat' dir='ltr'>intervalla</span> 
     </span>
     <span class='ocr_line' id='line_1_4' title="bbox 129 473 1653 530; baseline 0.005 -17"><span class='ocrx_word' id='word_1_23' title='bbox 129 479 274 513; x_wconf 84' lang='lat' dir='ltr'>autem</span> <span class='ocrx_word' id='word_1_24' title='bbox 315 473 457 514; x_wconf 87' lang='lat' dir='ltr'>media</span> <span class='ocrx_word' id='word_1_25' title='bbox 489 476 766 530; x_wconf 79' lang='lat' dir='ltr'>apparentia,</span> <span class='ocrx_word' id='word_1_26' title='bbox 807 476 871 516; x_wconf 91' lang='lat' dir='ltr'>uti</span> <span class='ocrx_word' id='word_1_27' title='bbox 903 489 1099 516; x_wconf 89' lang='lat' dir='ltr'>sermone</span> <span class='ocrx_word' id='word_1_28' title='bbox 1131 492 1226 518; x_wconf 87' lang='lat' dir='ltr'>cum</span> <span class='ocrx_word' id='word_1_29' title='bbox 1258 478 1451 520; x_wconf 88' lang='lat' dir='ltr'>dicamus</span> <span class='ocrx_word' id='word_1_30' title='bbox 1483 479 1545 521; x_wconf 85' lang='lat' dir='ltr'>sol</span> <span class='ocrx_word' id='word_1_31' title='bbox 1576 479 1653 521; x_wconf 81' lang='lat' dir='ltr'>lux</span> 
     </span>
     <span class='ocr_line' id='line_1_5' title="bbox 128 540 1651 599; baseline 0.005 -18"><span class='ocrx_word' id='word_1_32' title='bbox 128 540 205 581; x_wconf 90' lang='lat' dir='ltr'>flos</span> <span class='ocrx_word' id='word_1_33' title='bbox 228 555 330 582; x_wconf 74' lang='lat' dir='ltr'>Vox.</span> <span class='ocrx_word' id='word_1_34' title='bbox 390 556 506 581; x_wconf 81' lang='grc'><strong>1111116</strong></span> <span class='ocrx_word' id='word_1_35' title='bbox 537 542 650 582; x_wconf 85' lang='grc'><strong>6111111</strong></span> <span class='ocrx_word' id='word_1_36' title='bbox 680 557 760 583; x_wconf 87' lang='grc'><strong>1166</strong></span> <span class='ocrx_word' id='word_1_37' title='bbox 793 542 907 583; x_wconf 91' lang='lat' dir='ltr'>unde</span> <span class='ocrx_word' id='word_1_38' title='bbox 938 543 1091 599; x_wconf 79' lang='lat' dir='ltr'>incipit</span> <span class='ocrx_word' id='word_1_39' title='bbox 1121 559 1201 584; x_wconf 85' lang='lat' dir='ltr'>nee</span> <span class='ocrx_word' id='word_1_40' title='bbox 1230 545 1306 586; x_wconf 88' lang='lat' dir='ltr'>ubi</span> <span class='ocrx_word' id='word_1_41' title='bbox 1338 546 1497 588; x_wconf 75' lang='lat' dir='ltr'>desinit</span> <span class='ocrx_word' id='word_1_42' title='bbox 1528 547 1651 588; x_wconf 88' lang='lat' dir='ltr'>intel-</span> 
     </span>
    </p>
   </div>
   <div class='ocr_carea' id='block_1_3' title="bbox 127 607 1692 668">
    <p class='ocr_par' dir='ltr' id='par_1_3' title="bbox 127 607 1692 668">
     <span class='ocr_line' id='line_1_6' title="bbox 127 607 1692 668; baseline 0.005 -20"><span class='ocrx_word' id='word_1_43' title='bbox 127 607 308 662; x_wconf 80' lang='lat' dir='ltr'>legitur,</span> <span class='ocrx_word' id='word_1_44' title='bbox 340 623 420 649; x_wconf 91' lang='lat' dir='ltr'>nec</span> <span class='ocrx_word' id='word_1_45' title='bbox 442 623 551 664; x_wconf 87' lang='lat' dir='ltr'>quae</span> <span class='ocrx_word' id='word_1_46' title='bbox 581 624 637 650; x_wconf 79' lang='lat' dir='ltr'>ex</span> <span class='ocrx_word' id='word_1_47' title='bbox 667 617 796 651; x_wconf 83' lang='lat' dir='ltr'>acuta</span> <span class='ocrx_word' id='word_1_48' title='bbox 825 609 942 650; x_wconf 87' lang='lat' dir='ltr'>facta</span> <span class='ocrx_word' id='word_1_49' title='bbox 973 618 1037 651; x_wconf 88' lang='lat' dir='ltr'>est.</span> <span class='ocrx_word' id='word_1_50' title='bbox 1067 612 1236 665; x_wconf 71' lang='lat' dir='ltr'>graviS,</span> <span class='ocrx_word' id='word_1_51' title='bbox 1270 627 1325 653; x_wconf 78' lang='lat' dir='ltr'>ex</span> <span class='ocrx_word' id='word_1_52' title='bbox 1353 616 1479 668; x_wconf 81' lang='lat' dir='ltr'>gravi</span> <span class='ocrx_word' id='word_1_53' title='bbox 1509 621 1649 668; x_wconf 71' lang='lat' dir='ltr'>acuta,</span> <span class='ocrx_word' id='word_1_54' title='bbox 1667 627 1692 668; x_wconf 42' lang='grc' dir='ltr'>,ἴ</span> 
     </span>
    </p>
   </div>
   <div class='ocr_carea' id='block_1_4' title="bbox 120 676 1650 1616">
    <p class='ocr_par' dir='ltr' id='par_1_4' title="bbox 126 676 1650 1194">
     <span class='ocr_line' id='line_1_7' title="bbox 127 676 1649 733; baseline 0.005 -18"><span class='ocrx_word' id='word_1_55' title='bbox 127 683 308 731; x_wconf 88' lang='lat' dir='ltr'>apparet</span> <span class='ocrx_word' id='word_1_56' title='bbox 349 676 543 718; x_wconf 87' lang='lat' dir='ltr'>auribus.</span> <span class='ocrx_word' id='word_1_57' title='bbox 604 692 681 733; x_wconf 89' lang='lat' dir='ltr'>per</span> <span class='ocrx_word' id='word_1_58' title='bbox 725 678 981 719; x_wconf 80' lang='lat' dir='ltr'>distantiam</span> <span class='ocrx_word' id='word_1_59' title='bbox 1018 685 1162 719; x_wconf 91' lang='lat' dir='ltr'>autem</span> <span class='ocrx_word' id='word_1_60' title='bbox 1195 694 1216 719; x_wconf 88' lang='lat' dir='ltr'>e</span> <span class='ocrx_word' id='word_1_61' title='bbox 1247 683 1473 722; x_wconf 82' lang='lat' dir='ltr'>contrario.</span> <span class='ocrx_word' id='word_1_62' title='bbox 1532 697 1649 722; x_wconf 82' lang='lat' dir='ltr'>nam·</span> 
     </span>
     <span class='ocr_line' id='line_1_8' title="bbox 128 740 1650 798; baseline 0.005 -16"><span class='ocrx_word' id='word_1_63' title='bbox 128 756 211 798; x_wconf 90' lang='lat' dir='ltr'>que</span> <span class='ocrx_word' id='word_1_64' title='bbox 250 757 348 783; x_wconf 89' lang='lat' dir='ltr'>cum</span> <span class='ocrx_word' id='word_1_65' title='bbox 377 743 589 797; x_wconf 76' lang='lat' dir='ltr'>flectitur,</span> <span class='ocrx_word' id='word_1_66' title='bbox 628 745 673 785; x_wconf 91' lang='lat' dir='ltr'>in</span> <span class='ocrx_word' id='word_1_67' title='bbox 710 740 1074 786; x_wconf 76' lang='lat' dir='ltr'>mutatione&#39;vox</span> <span class='ocrx_word' id='word_1_68' title='bbox 1111 748 1264 788; x_wconf 86' lang='lat' dir='ltr'>statuit</span> <span class='ocrx_word' id='word_1_69' title='bbox 1302 763 1346 788; x_wconf 87' lang='lat' dir='ltr'>se</span> <span class='ocrx_word' id='word_1_70' title='bbox 1385 750 1430 789; x_wconf 90' lang='lat' dir='ltr'>in</span> <span class='ocrx_word' id='word_1_71' title='bbox 1467 749 1650 790; x_wconf 81' lang='lat' dir='ltr'>alicuius</span> 
     </span>
     <span class='ocr_line' id='line_1_9' title="bbox 127 808 1650 866; baseline 0.003 -16"><span class='ocrx_word' id='word_1_72' title='bbox 127 811 292 851; x_wconf 91' lang='lat' dir='ltr'>sonitus</span> <span class='ocrx_word' id='word_1_73' title='bbox 315 810 569 864; x_wconf 79' lang='lat' dir='ltr'>finitionem,</span> <span class='ocrx_word' id='word_1_74' title='bbox 603 811 760 853; x_wconf 90' lang='lat' dir='ltr'>deinde</span> <span class='ocrx_word' id='word_1_75' title='bbox 781 814 824 853; x_wconf 90' lang='lat' dir='ltr'>in</span> <span class='ocrx_word' id='word_1_76' title='bbox 846 811 1047 866; x_wconf 79' lang='lat' dir='ltr'>alterius,</span> <span class='ocrx_word' id='word_1_77' title='bbox 1081 822 1121 855; x_wconf 91' lang='lat' dir='ltr'>et</span> <span class='ocrx_word' id='word_1_78' title='bbox 1142 814 1188 855; x_wconf 89' lang='lat' dir='ltr'>id</span> <span class='ocrx_word' id='word_1_79' title='bbox 1218 813 1330 856; x_wconf 89' lang='lat' dir='ltr'>ultro</span> <span class='ocrx_word' id='word_1_80' title='bbox 1363 808 1469 857; x_wconf 66' lang='lat' dir='ltr'>cilro</span> <span class='ocrx_word' id='word_1_81' title='bbox 1501 817 1650 858; x_wconf 78' lang='lat' dir='ltr'>crebre</span> 
     </span>
     <span class='ocr_line' id='line_1_10' title="bbox 126 877 1648 937; baseline 0.005 -20"><span class='ocrx_word' id='word_1_82' title='bbox 126 877 328 919; x_wconf 86' lang='lat' dir='ltr'>faciendo</span> <span class='ocrx_word' id='word_1_83' title='bbox 381 879 630 920; x_wconf 79' lang='lat' dir='ltr'>inconstans</span> <span class='ocrx_word' id='word_1_84' title='bbox 677 887 857 937; x_wconf 85' lang='lat' dir='ltr'>apparet</span> <span class='ocrx_word' id='word_1_85' title='bbox 902 881 1130 935; x_wconf 80' lang='lat' dir='ltr'>sensibus,</span> <span class='ocrx_word' id='word_1_86' title='bbox 1179 883 1244 922; x_wconf 89' lang='lat' dir='ltr'>uti</span> <span class='ocrx_word' id='word_1_87' title='bbox 1290 884 1335 923; x_wconf 93' lang='lat' dir='ltr'>in</span> <span class='ocrx_word' id='word_1_88' title='bbox 1376 884 1648 925; x_wconf 87' lang='lat' dir='ltr'>cantionibus</span> 
     </span>
     <span class='ocr_line' id='line_1_11' title="bbox 127 945 1647 992; baseline 0.005 -7"><span class='ocrx_word' id='word_1_89' title='bbox 127 959 225 985; x_wconf 87' lang='lat' dir='ltr'>cum</span> <span class='ocrx_word' id='word_1_90' title='bbox 255 945 478 987; x_wconf 89' lang='lat' dir='ltr'>flectentes</span> <span class='ocrx_word' id='word_1_91' title='bbox 501 961 653 988; x_wconf 78' lang='lat' dir='ltr'>vocem</span> <span class='ocrx_word' id='word_1_92' title='bbox 683 949 941 989; x_wconf 81' lang='lat' dir='ltr'>varietatem</span> <span class='ocrx_word' id='word_1_93' title='bbox 973 948 1154 989; x_wconf 87' lang='lat' dir='ltr'>facimus</span> <span class='ocrx_word' id='word_1_94' title='bbox 1186 950 1509 992; x_wconf 81' lang='lat' dir='ltr'>modulationis.</span> <span class='ocrx_word' id='word_1_95' title='bbox 1570 953 1647 992; x_wconf 87' lang='lat' dir='ltr'>ita-</span> 
     </span>
     <span class='ocr_line' id='line_1_12' title="bbox 127 1013 1649 1070; baseline 0.005 -17"><span class='ocrx_word' id='word_1_96' title='bbox 127 1027 209 1068; x_wconf 85' lang='lat' dir='ltr'>que</span> <span class='ocrx_word' id='word_1_97' title='bbox 248 1013 492 1055; x_wconf 82' lang='lat' dir='ltr'>intervallis</span> <span class='ocrx_word' id='word_1_98' title='bbox 533 1029 583 1055; x_wconf 86' lang='lat' dir='ltr'>ea</span> <span class='ocrx_word' id='word_1_99' title='bbox 628 1029 725 1055; x_wconf 88' lang='lat' dir='ltr'>cum</span> <span class='ocrx_word' id='word_1_100' title='bbox 762 1022 984 1070; x_wconf 74' lang='lat' dir='ltr'>versatur,</span> <span class='ocrx_word' id='word_1_101' title='bbox 1026 1023 1067 1057; x_wconf 87' lang='lat' dir='ltr'>et</span> <span class='ocrx_word' id='word_1_102' title='bbox 1105 1016 1221 1058; x_wconf 89' lang='lat' dir='ltr'>unde</span> <span class='ocrx_word' id='word_1_103' title='bbox 1256 1019 1429 1059; x_wconf 87' lang='lat' dir='ltr'>initium</span> <span class='ocrx_word' id='word_1_104' title='bbox 1466 1019 1569 1060; x_wconf 87' lang='lat' dir='ltr'>fecit</span> <span class='ocrx_word' id='word_1_105' title='bbox 1609 1027 1649 1060; x_wconf 78' lang='lat' dir='ltr'>et</span> 
     </span>
     <span class='ocr_line' id='line_1_13' title="bbox 126 1080 1648 1141; baseline 0.005 -21"><span class='ocrx_word' id='word_1_106' title='bbox 126 1080 204 1121; x_wconf 90' lang='lat' dir='ltr'>ubi</span> <span class='ocrx_word' id='word_1_107' title='bbox 243 1080 372 1122; x_wconf 88' lang='lat' dir='ltr'>desiit</span> <span class='ocrx_word' id='word_1_108' title='bbox 410 1088 592 1138; x_wconf 87' lang='lat' dir='ltr'>apparet</span> <span class='ocrx_word' id='word_1_109' title='bbox 629 1083 674 1122; x_wconf 91' lang='lat' dir='ltr'>in</span> <span class='ocrx_word' id='word_1_110' title='bbox 712 1098 914 1125; x_wconf 89' lang='lat' dir='ltr'>sonorum</span> <span class='ocrx_word' id='word_1_111' title='bbox 944 1084 1194 1140; x_wconf 82' lang='lat' dir='ltr'>patentibus</span> <span class='ocrx_word' id='word_1_112' title='bbox 1225 1085 1522 1141; x_wconf 79' lang='lat' dir='ltr'>finitionibus,</span> <span class='ocrx_word' id='word_1_113' title='bbox 1562 1103 1648 1127; x_wconf 90' lang='grc'><strong>1116-</strong></span> 
     </span>
     <span class='ocr_line' id='line_1_14' title="bbox 126 1148 1248 1194; baseline 0.005 -6"><span class='ocrx_word' id='word_1_114' title='bbox 126 1148 256 1189; x_wconf 89' lang='lat' dir='ltr'>diana</span> <span class='ocrx_word' id='word_1_115' title='bbox 286 1155 432 1189; x_wconf 90' lang='lat' dir='ltr'>autem</span> <span class='ocrx_word' id='word_1_116' title='bbox 463 1149 644 1190; x_wconf 87' lang='lat' dir='ltr'>latentia</span> <span class='ocrx_word' id='word_1_117' title='bbox 673 1150 917 1192; x_wconf 83' lang='lat' dir='ltr'>intervallis</span> <span class='ocrx_word' id='word_1_118' title='bbox 948 1152 1248 1194; x_wconf 84' lang='lat' dir='ltr'>obscurantur.</span> 
     </span>
    </p>

    <p class='ocr_par' dir='ltr' id='par_1_5' title="bbox 120 1215 1647 1616">
     <span class='ocr_line' id='line_1_15' title="bbox 238 1215 1647 1279; baseline 0.005 -23"><span class='ocrx_word' id='word_1_119' title='bbox 238 1215 411 1257; x_wconf 81' lang='lat' dir='ltr'>Genera</span> <span class='ocrx_word' id='word_1_120' title='bbox 464 1232 566 1258; x_wconf 82' lang='lat' dir='ltr'>vero</span> <span class='ocrx_word' id='word_1_121' title='bbox 620 1225 720 1258; x_wconf 88' lang='lat' dir='ltr'>sunt</span> <span class='ocrx_word' id='word_1_122' title='bbox 757 1219 1101 1261; x_wconf 81' lang='lat' dir='ltr'>modulationum</span> <span class='ocrx_word' id='word_1_123' title='bbox 1145 1222 1250 1274; x_wconf 79' lang='lat' dir='ltr'>tria,</span> <span class='ocrx_word' id='word_1_124' title='bbox 1302 1223 1488 1278; x_wconf 85' lang='lat' dir='ltr'>primum</span> <span class='ocrx_word' id='word_1_125' title='bbox 1533 1223 1647 1279; x_wconf 85' lang='lat' dir='ltr'>quod</span> 
     </span>
     <span class='ocr_line' id='line_1_16' title="bbox 129 1283 1643 1343; baseline 0.005 -20"><span class='ocrx_word' id='word_1_126' title='bbox 129 1283 289 1324; x_wconf 80' lang='lat' dir='ltr'>Graeci</span> <span class='ocrx_word' id='word_1_127' title='bbox 319 1285 545 1325; x_wconf 87' lang='lat' dir='ltr'>nominant</span> <span class='ocrx_word' id='word_1_128' title='bbox 582 1300 825 1340; x_wconf 77' lang='grc' dir='ltr'><em>αρμονιαν,</em></span> <span class='ocrx_word' id='word_1_129' title='bbox 858 1288 1095 1329; x_wconf 86' lang='lat' dir='ltr'>secundum</span> <span class='ocrx_word' id='word_1_130' title='bbox 1127 1304 1296 1343; x_wconf 74' lang='grc' dir='ltr'><em>χρωμα,</em></span> <span class='ocrx_word' id='word_1_131' title='bbox 1336 1292 1513 1331; x_wconf 89' lang='lat' dir='ltr'>tertium</span> <span class='ocrx_word' id='word_1_132' title='bbox 1546 1291 1643 1332; x_wconf 77' lang='grc' dir='ltr'><em>δια-</em></span> 
     </span>
     <span class='ocr_line' id='line_1_17' title="bbox 123 1352 1644 1415; baseline 0.005 -24"><span class='ocrx_word' id='word_1_133' title='bbox 123 1365 272 1392; x_wconf 76' lang='grc' dir='ltr'><strong><em>τονον.</em></strong></span> <span class='ocrx_word' id='word_1_134' title='bbox 342 1359 405 1393; x_wconf 85' lang='lat' dir='ltr'>est</span> <span class='ocrx_word' id='word_1_135' title='bbox 442 1359 587 1393; x_wconf 88' lang='lat' dir='ltr'>autem</span> <span class='ocrx_word' id='word_1_136' title='bbox 627 1352 877 1395; x_wconf 89' lang='lat' dir='ltr'>harmoniae</span> <span class='ocrx_word' id='word_1_137' title='bbox 915 1355 1153 1398; x_wconf 86' lang='lat' dir='ltr'>modulatio</span> <span class='ocrx_word' id='word_1_138' title='bbox 1193 1357 1248 1397; x_wconf 88' lang='lat' dir='ltr'>ab</span> <span class='ocrx_word' id='word_1_139' title='bbox 1292 1364 1384 1398; x_wconf 87' lang='lat' dir='ltr'>arte</span> <span class='ocrx_word' id='word_1_140' title='bbox 1423 1368 1644 1415; x_wconf 72' lang='lat' dir='ltr'>concepta,</span> 
     </span>
     <span class='ocr_line' id='line_1_18' title="bbox 125 1421 1646 1480; baseline 0.006 -22"><span class='ocrx_word' id='word_1_141' title='bbox 125 1424 166 1458; x_wconf 90' lang='lat' dir='ltr'>et</span> <span class='ocrx_word' id='word_1_142' title='bbox 213 1432 263 1458; x_wconf 88' lang='lat' dir='ltr'>ea</span> <span class='ocrx_word' id='word_1_143' title='bbox 307 1434 354 1460; x_wconf 90' lang='lat' dir='ltr'>re</span> <span class='ocrx_word' id='word_1_144' title='bbox 398 1422 540 1462; x_wconf 88' lang='lat' dir='ltr'>cantio</span> <span class='ocrx_word' id='word_1_145' title='bbox 588 1421 680 1462; x_wconf 89' lang='lat' dir='ltr'>eius</span> <span class='ocrx_word' id='word_1_146' title='bbox 725 1423 915 1462; x_wconf 86' lang='lat' dir='ltr'>maxime</span> <span class='ocrx_word' id='word_1_147' title='bbox 961 1438 1141 1478; x_wconf 75' lang='lat' dir='ltr'>gravem</span> <span class='ocrx_word' id='word_1_148' title='bbox 1180 1431 1220 1464; x_wconf 87' lang='lat' dir='ltr'>et</span> <span class='ocrx_word' id='word_1_149' title='bbox 1259 1426 1479 1480; x_wconf 81' lang='lat' dir='ltr'>egregiam</span> <span class='ocrx_word' id='word_1_150' title='bbox 1516 1426 1646 1467; x_wconf 84' lang='lat' dir='ltr'>habet</span> 
     </span>
     <span class='ocr_line' id='line_1_19' title="bbox 122 1487 1643 1535; baseline 0.006 -10"><span class='ocrx_word' id='word_1_151' title='bbox 122 1487 439 1529; x_wconf 86' lang='lat' dir='ltr'>auctoritatem.</span> <span class='ocrx_word' id='word_1_152' title='bbox 500 1489 674 1529; x_wconf 87' lang='lat' dir='ltr'>chroma</span> <span class='ocrx_word' id='word_1_153' title='bbox 696 1489 846 1530; x_wconf 86' lang='lat' dir='ltr'>subtili</span> <span class='ocrx_word' id='word_1_154' title='bbox 878 1490 1069 1532; x_wconf 82' lang='lat' dir='ltr'>sollertia</span> <span class='ocrx_word' id='word_1_155' title='bbox 1108 1506 1158 1532; x_wconf 87' lang='lat' dir='ltr'>ac</span> <span class='ocrx_word' id='word_1_156' title='bbox 1190 1492 1419 1533; x_wconf 85' lang='lat' dir='ltr'>crebritate</span> <span class='ocrx_word' id='word_1_157' title='bbox 1449 1493 1643 1535; x_wconf 89' lang='lat' dir='ltr'>modulo-</span> 
     </span>
     <span class='ocr_line' id='line_1_20' title="bbox 120 1555 1643 1616; baseline 0.005 -22"><span class='ocrx_word' id='word_1_158' title='bbox 120 1569 216 1594; x_wconf 85' lang='lat' dir='ltr'>rum</span> <span class='ocrx_word' id='word_1_159' title='bbox 246 1556 492 1597; x_wconf 85' lang='lat' dir='ltr'>suaviorem</span> <span class='ocrx_word' id='word_1_160' title='bbox 522 1555 653 1597; x_wconf 84' lang='lat' dir='ltr'>habet</span> <span class='ocrx_word' id='word_1_161' title='bbox 684 1556 1030 1599; x_wconf 86' lang='lat' dir='ltr'>delectationem.</span> <span class='ocrx_word' id='word_1_162' title='bbox 1092 1559 1257 1600; x_wconf 88' lang='lat' dir='ltr'>diatoni</span> <span class='ocrx_word' id='word_1_163' title='bbox 1288 1575 1392 1601; x_wconf 76' lang='lat' dir='ltr'>vero</span> <span class='ocrx_word' id='word_1_164' title='bbox 1424 1561 1539 1616; x_wconf 81' lang='lat' dir='ltr'>quod</span> <span class='ocrx_word' id='word_1_165' title='bbox 1570 1577 1643 1602; x_wconf 89' lang='lat' dir='ltr'>na-</span> 
     </span>
    </p>
   </div>
   <div class='ocr_carea' id='block_1_5' title="bbox 121 1620 1678 1675">
    <p class='ocr_par' dir='ltr' id='par_1_6' title="bbox 121 1620 1678 1675">
     <span class='ocr_line' id='line_1_21' title="bbox 121 1620 1678 1675; baseline 0.006 -14"><span class='ocrx_word' id='word_1_166' title='bbox 121 1620 272 1662; x_wconf 88' lang='lat' dir='ltr'>turalis</span> <span class='ocrx_word' id='word_1_167' title='bbox 296 1629 373 1675; x_wconf 79' lang='lat' dir='ltr'>est,</span> <span class='ocrx_word' id='word_1_168' title='bbox 406 1622 576 1665; x_wconf 84' lang='lat' dir='ltr'>facilior</span> <span class='ocrx_word' id='word_1_169' title='bbox 597 1632 660 1664; x_wconf 86' lang='lat' dir='ltr'>est</span> <span class='ocrx_word' id='word_1_170' title='bbox 691 1624 1017 1667; x_wconf 81' lang='lat' dir='ltr'>intervallorum</span> <span class='ocrx_word' id='word_1_171' title='bbox 1049 1627 1270 1668; x_wconf 80' lang='lat' dir='ltr'>distantia.</span> <span class='ocrx_word' id='word_1_172' title='bbox 1330 1629 1376 1668; x_wconf 89' lang='lat' dir='ltr'>in</span> <span class='ocrx_word' id='word_1_173' title='bbox 1406 1629 1472 1669; x_wconf 89' lang='lat' dir='ltr'>his</span> <span class='ocrx_word' id='word_1_174' title='bbox 1505 1629 1643 1670; x_wconf 81' lang='lat' dir='ltr'>tribus</span> <span class='ocrx_word' id='word_1_175' title='bbox 1670 1646 1678 1655; x_wconf 52' lang='lat'>⁵</span> 
     </span>
    </p>
   </div>
   <div class='ocr_carea' id='block_1_6' title="bbox 120 1689 1642 1946">
    <p class='ocr_par' dir='ltr' id='par_1_7' title="bbox 120 1689 1642 1946">
     <span class='ocr_line' id='line_1_22' title="bbox 121 1689 1642 1752; baseline 0.006 -23"><span class='ocrx_word' id='word_1_176' title='bbox 121 1689 354 1743; x_wconf 83' lang='lat' dir='ltr'>generibus</span> <span class='ocrx_word' id='word_1_177' title='bbox 378 1690 611 1731; x_wconf 84' lang='lat' dir='ltr'>dissimiles</span> <span class='ocrx_word' id='word_1_178' title='bbox 636 1698 737 1732; x_wconf 88' lang='lat' dir='ltr'>sunt</span> <span class='ocrx_word' id='word_1_179' title='bbox 768 1693 1141 1735; x_wconf 89' lang='lat' dir='ltr'>tetrachordorum</span> <span class='ocrx_word' id='word_1_180' title='bbox 1172 1695 1495 1750; x_wconf 80' lang='lat' dir='ltr'>dispositiones,</span> <span class='ocrx_word' id='word_1_181' title='bbox 1529 1698 1642 1752; x_wconf 85' lang='lat' dir='ltr'>quod</span> 
     </span>
     <span class='ocr_line' id='line_1_23' title="bbox 120 1757 1641 1804; baseline 0.005 -8"><span class='ocrx_word' id='word_1_182' title='bbox 120 1757 345 1798; x_wconf 85' lang='lat' dir='ltr'>harmonia</span> <span class='ocrx_word' id='word_1_183' title='bbox 365 1757 687 1799; x_wconf 86' lang='lat' dir='ltr'>tetrachordum</span> <span class='ocrx_word' id='word_1_184' title='bbox 719 1767 760 1799; x_wconf 92' lang='lat' dir='ltr'>et</span> <span class='ocrx_word' id='word_1_185' title='bbox 791 1766 912 1801; x_wconf 89' lang='lat' dir='ltr'>tonos</span> <span class='ocrx_word' id='word_1_186' title='bbox 946 1768 988 1801; x_wconf 94' lang='lat' dir='ltr'>et</span> <span class='ocrx_word' id='word_1_187' title='bbox 1019 1761 1160 1802; x_wconf 86' lang='lat' dir='ltr'>dieses</span> <span class='ocrx_word' id='word_1_188' title='bbox 1192 1762 1323 1802; x_wconf 89' lang='lat' dir='ltr'>habet</span> <span class='ocrx_word' id='word_1_189' title='bbox 1353 1763 1492 1804; x_wconf 86' lang='lat' dir='ltr'>binas.</span> <span class='ocrx_word' id='word_1_190' title='bbox 1553 1764 1641 1804; x_wconf 90' lang='lat' dir='ltr'>die-</span> 
     </span>
     <span class='ocr_line' id='line_1_24' title="bbox 121 1825 1641 1883; baseline 0.005 -19"><span class='ocrx_word' id='word_1_191' title='bbox 121 1825 179 1864; x_wconf 87' lang='lat' dir='ltr'>sis</span> <span class='ocrx_word' id='word_1_192' title='bbox 210 1832 354 1865; x_wconf 87' lang='lat' dir='ltr'>autem</span> <span class='ocrx_word' id='word_1_193' title='bbox 377 1831 442 1866; x_wconf 89' lang='lat' dir='ltr'>est</span> <span class='ocrx_word' id='word_1_194' title='bbox 472 1826 563 1866; x_wconf 84' lang='lat' dir='ltr'>toni</span> <span class='ocrx_word' id='word_1_195' title='bbox 593 1841 693 1882; x_wconf 87' lang='lat' dir='ltr'>pars</span> <span class='ocrx_word' id='word_1_196' title='bbox 726 1834 892 1883; x_wconf 79' lang='lat' dir='ltr'>quarta,</span> <span class='ocrx_word' id='word_1_197' title='bbox 924 1829 986 1868; x_wconf 88' lang='lat' dir='ltr'>ita</span> <span class='ocrx_word' id='word_1_198' title='bbox 1016 1829 1061 1869; x_wconf 93' lang='lat' dir='ltr'>in</span> <span class='ocrx_word' id='word_1_199' title='bbox 1091 1829 1325 1871; x_wconf 90' lang='lat' dir='ltr'>hemitonio</span> <span class='ocrx_word' id='word_1_200' title='bbox 1358 1831 1469 1872; x_wconf 89' lang='lat' dir='ltr'>duae</span> <span class='ocrx_word' id='word_1_201' title='bbox 1501 1831 1641 1872; x_wconf 80' lang='lat' dir='ltr'>dieses</span> 
     </span>
     <span class='ocr_line' id='line_1_25' title="bbox 120 1892 1641 1946; baseline 0.005 -14"><span class='ocrx_word' id='word_1_202' title='bbox 120 1899 221 1932; x_wconf 87' lang='lat' dir='ltr'>sunt</span> <span class='ocrx_word' id='word_1_203' title='bbox 267 1892 527 1934; x_wconf 86' lang='lat' dir='ltr'>conlocatae.</span> <span class='ocrx_word' id='word_1_204' title='bbox 603 1893 812 1935; x_wconf 88' lang='lat' dir='ltr'>chromati</span> <span class='ocrx_word' id='word_1_205' title='bbox 858 1896 942 1937; x_wconf 87' lang='lat' dir='ltr'>duo</span> <span class='ocrx_word' id='word_1_206' title='bbox 987 1896 1225 1938; x_wconf 82' lang='lat' dir='ltr'>hemitonia</span> <span class='ocrx_word' id='word_1_207' title='bbox 1269 1898 1314 1938; x_wconf 91' lang='lat' dir='ltr'>in</span> <span class='ocrx_word' id='word_1_208' title='bbox 1344 1898 1502 1946; x_wconf 49' lang='lat' dir='ltr'>,ordine</span> <span class='ocrx_word' id='word_1_209' title='bbox 1540 1907 1641 1940; x_wconf 85' lang='lat' dir='ltr'>sunt</span> 
     </span>
    </p>
   </div>
   <div class='ocr_carea' id='block_1_7' title="bbox 119 1960 1681 2015">
    <p class='ocr_par' dir='ltr' id='par_1_8' title="bbox 119 1960 1681 2015">
     <span class='ocr_line' id='line_1_26' title="bbox 119 1960 1681 2015; baseline 0.005 -16"><span class='ocrx_word' id='word_1_210' title='bbox 119 1960 371 2015; x_wconf 77' lang='lat' dir='ltr'>composita,</span> <span class='ocrx_word' id='word_1_211' title='bbox 403 1962 579 2001; x_wconf 87' lang='lat' dir='ltr'>tertium</span> <span class='ocrx_word' id='word_1_212' title='bbox 601 1962 732 2002; x_wconf 90' lang='lat' dir='ltr'>trium</span> <span class='ocrx_word' id='word_1_213' title='bbox 753 1963 1085 2005; x_wconf 86' lang='lat' dir='ltr'>hemitoniorum</span> <span class='ocrx_word' id='word_1_214' title='bbox 1117 1972 1181 2005; x_wconf 86' lang='lat' dir='ltr'>est</span> <span class='ocrx_word' id='word_1_215' title='bbox 1212 1965 1502 2006; x_wconf 83' lang='lat' dir='ltr'>intervallum.</span> <span class='ocrx_word' id='word_1_216' title='bbox 1553 1967 1640 2008; x_wconf 59' lang='grc'><strong>(1111-</strong></span> <span class='ocrx_word' id='word_1_217' title='bbox 1665 1982 1681 2008; x_wconf 79' lang='lat'>·.</span> 
     </span>
    </p>
   </div>
   <div class='ocr_carea' id='block_1_8' title="bbox 118 2027 1637 2084">
    <p class='ocr_par' dir='ltr' id='par_1_9' title="bbox 118 2027 1637 2084">
     <span class='ocr_line' id='line_1_27' title="bbox 118 2027 1637 2084; baseline 0.005 -16"><span class='ocrx_word' id='word_1_218' title='bbox 118 2034 219 2069; x_wconf 88' lang='lat' dir='ltr'>tono</span> <span class='ocrx_word' id='word_1_219' title='bbox 250 2028 341 2069; x_wconf 89' lang='lat' dir='ltr'>toni</span> <span class='ocrx_word' id='word_1_220' title='bbox 380 2027 465 2070; x_wconf 88' lang='lat' dir='ltr'>duo</span> <span class='ocrx_word' id='word_1_221' title='bbox 504 2036 605 2069; x_wconf 86' lang='lat' dir='ltr'>sunt</span> <span class='ocrx_word' id='word_1_222' title='bbox 636 2031 898 2084; x_wconf 81' lang='lat' dir='ltr'>continuati,</span> <span class='ocrx_word' id='word_1_223' title='bbox 931 2033 1109 2072; x_wconf 85' lang='lat' dir='ltr'>tertium</span> <span class='ocrx_word' id='word_1_224' title='bbox 1139 2032 1423 2075; x_wconf 86' lang='lat' dir='ltr'>hemitonium</span> <span class='ocrx_word' id='word_1_225' title='bbox 1454 2034 1546 2075; x_wconf 82' lang='lat' dir='ltr'>finit</span> <span class='ocrx_word' id='word_1_226' title='bbox 1579 2042 1637 2076; x_wconf 81' lang='lat' dir='ltr'>te-</span> 
     </span>
    </p>
   </div>
   <div class='ocr_carea' id='block_1_9' title="bbox 129 2105 268 2107">
    <p class='ocr_par' dir='ltr' id='par_1_10' title="bbox 129 2105 268 2107">
     <span class='ocr_line' id='line_1_28' title="bbox 129 2105 268 2107; baseline 0 0"><span class='ocrx_word' id='word_1_227' title='bbox 129 2105 268 2107; x_wconf 95' lang='lat' dir='ltr'> </span> 
     </span>
    </p>
   </div>
   <div class='ocr_carea' id='block_1_10' title="bbox 111 2133 1639 2969">
    <p class='ocr_par' dir='ltr' id='par_1_11' title="bbox 111 2133 1639 2969">
     <span class='ocr_line' id='line_1_29' title="bbox 208 2133 1626 2180; baseline 0.006 -18"><span class='ocrx_word' id='word_1_228' title='bbox 208 2133 227 2162; x_wconf 76' lang='grc'>2</span> <span class='ocrx_word' id='word_1_229' title='bbox 253 2133 474 2174; x_wconf 82' lang='lat' dir='ltr'>apparentia</span> <span class='ocrx_word' id='word_1_230' title='bbox 499 2143 576 2175; x_wconf 72' lang='lat' dir='ltr'>eyo:</span> <span class='ocrx_word' id='word_1_231' title='bbox 603 2134 772 2175; x_wconf 84' lang='lat' dir='ltr'>parentia</span> <span class='ocrx_word' id='word_1_232' title='bbox 800 2135 876 2167; x_wconf 89' lang='lat' dir='ltr'><em>GH.</em></span> <span class='ocrx_word' id='word_1_233' title='bbox 907 2133 1109 2178; x_wconf 85' lang='lat' dir='ltr'>[parientia</span> <span class='ocrx_word' id='word_1_234' title='bbox 1132 2135 1183 2179; x_wconf 80' lang='lat' dir='ltr'>f].</span> <span class='ocrx_word' id='word_1_235' title='bbox 1215 2135 1230 2180; x_wconf 77' lang='lat' dir='ltr'>[J</span> <span class='ocrx_word' id='word_1_236' title='bbox 1262 2139 1282 2169; x_wconf 81' lang='lat'>4</span> <span class='ocrx_word' id='word_1_237' title='bbox 1307 2148 1423 2169; x_wconf 86' lang='lat' dir='ltr'>nune:</span> <span class='ocrx_word' id='word_1_238' title='bbox 1449 2141 1497 2170; x_wconf 73' lang='grc' dir='ltr'>εί(-</span> <span class='ocrx_word' id='word_1_239' title='bbox 1524 2139 1600 2172; x_wconf 86' lang='lat' dir='ltr'>Gll.</span> <span class='ocrx_word' id='word_1_240' title='bbox 1622 2136 1626 2180; x_wconf 73' lang='grc'>1</span> 
     </span>
     <span class='ocr_line' id='line_1_30' title="bbox 117 2192 1639 2247; baseline 0.005 -18"><span class='ocrx_word' id='word_1_241' title='bbox 117 2200 137 2230; x_wconf 84' lang='grc'><strong>5</strong></span> <span class='ocrx_word' id='word_1_242' title='bbox 163 2209 227 2230; x_wconf 84' lang='grc'><strong>1166</strong></span> <span class='ocrx_word' id='word_1_243' title='bbox 255 2209 347 2241; x_wconf 88' lang='lat' dir='ltr'>quae</span> <span class='ocrx_word' id='word_1_244' title='bbox 372 2201 477 2233; x_wconf 82' lang='lat' dir='ltr'>Lor.:</span> <span class='ocrx_word' id='word_1_245' title='bbox 504 2200 569 2232; x_wconf 86' lang='lat' dir='ltr'>sed</span> <span class='ocrx_word' id='word_1_246' title='bbox 595 2201 683 2241; x_wconf 85' lang='lat' dir='ltr'>quid</span> <span class='ocrx_word' id='word_1_247' title='bbox 710 2202 737 2233; x_wconf 89' lang='lat' dir='ltr'><em>G</em></span> <span class='ocrx_word' id='word_1_248' title='bbox 763 2192 864 2246; x_wconf 70' lang='lat' dir='ltr'>(quid</span> <span class='ocrx_word' id='word_1_249' title='bbox 892 2203 968 2244; x_wconf 68' lang='lat' dir='ltr'><em>GC),</em></span> <span class='ocrx_word' id='word_1_250' title='bbox 1001 2204 1065 2235; x_wconf 88' lang='lat' dir='ltr'>sed</span> <span class='ocrx_word' id='word_1_251' title='bbox 1093 2204 1186 2246; x_wconf 88' lang='lat' dir='ltr'>quod</span> <span class='ocrx_word' id='word_1_252' title='bbox 1212 2205 1249 2235; x_wconf 87' lang='lat' dir='ltr'><em>H</em></span> <span class='ocrx_word' id='word_1_253' title='bbox 1275 2203 1379 2246; x_wconf 81' lang='lat' dir='ltr'>(Llc).</span> <span class='ocrx_word' id='word_1_254' title='bbox 1411 2204 1424 2247; x_wconf 72' lang='lat' dir='ltr'>{l</span> <span class='ocrx_word' id='word_1_255' title='bbox 1456 2207 1475 2237; x_wconf 89' lang='grc'>8</span> <span class='ocrx_word' id='word_1_256' title='bbox 1508 2206 1639 2237; x_wconf 78' lang='lat' dir='ltr'>finitio-</span> 
     </span>
     <span class='ocr_line' id='line_1_31' title="bbox 117 2252 1639 2302; baseline 0.005 -17"><span class='ocrx_word' id='word_1_257' title='bbox 117 2265 198 2286; x_wconf 85' lang='lat' dir='ltr'>nem</span> <span class='ocrx_word' id='word_1_258' title='bbox 224 2252 328 2296; x_wconf 68' lang='lat' dir='ltr'>(—n⁴}</span> <span class='ocrx_word' id='word_1_259' title='bbox 349 2255 390 2296; x_wconf 89' lang='lat' dir='ltr'>G)</span> <span class='ocrx_word' id='word_1_260' title='bbox 419 2257 494 2294; x_wconf 87' lang='lat' dir='ltr'>GH,</span> <span class='ocrx_word' id='word_1_261' title='bbox 521 2256 686 2288; x_wconf 85' lang='lat' dir='ltr'>finitione</span> <span class='ocrx_word' id='word_1_262' title='bbox 713 2257 814 2292; x_wconf 76' lang='lat' dir='ltr'>Sclm.</span> <span class='ocrx_word' id='word_1_263' title='bbox 838 2256 853 2302; x_wconf 76' lang='grc' dir='ltr'>Η</span> <span class='ocrx_word' id='word_1_264' title='bbox 877 2259 1001 2291; x_wconf 88' lang='lat' dir='ltr'>crebre</span> <span class='ocrx_word' id='word_1_265' title='bbox 1027 2261 1064 2291; x_wconf 88' lang='lat' dir='ltr'><em>H</em></span> <span class='ocrx_word' id='word_1_266' title='bbox 1091 2260 1180 2301; x_wconf 86' lang='lat' dir='ltr'>(Ll):</span> <span class='ocrx_word' id='word_1_267' title='bbox 1210 2261 1336 2292; x_wconf 83' lang='lat' dir='ltr'>crebro</span> <span class='ocrx_word' id='word_1_268' title='bbox 1365 2262 1391 2291; x_wconf 79' lang='lat' dir='ltr'><em>G</em></span> <span class='ocrx_word' id='word_1_269' title='bbox 1410 2261 1522 2301; x_wconf 65' lang='lat' dir='ltr'>(ultra</span> <span class='ocrx_word' id='word_1_270' title='bbox 1547 2262 1639 2293; x_wconf 80' lang='lat' dir='ltr'>citra</span> 
     </span>
     <span class='ocr_line' id='line_1_32' title="bbox 119 2309 1638 2358; baseline 0.005 -17"><span class='ocrx_word' id='word_1_271' title='bbox 119 2311 248 2342; x_wconf 82' lang='lat' dir='ltr'>erebro</span> <span class='ocrx_word' id='word_1_272' title='bbox 274 2311 338 2350; x_wconf 80' lang='lat' dir='ltr'>ck).</span> <span class='ocrx_word' id='word_1_273' title='bbox 371 2309 386 2353; x_wconf 77' lang='grc' dir='ltr'><strong>Π</strong></span> <span class='ocrx_word' id='word_1_274' title='bbox 418 2313 437 2344; x_wconf 91' lang='grc'>9</span> <span class='ocrx_word' id='word_1_275' title='bbox 463 2317 675 2345; x_wconf 79' lang='lat' dir='ltr'>inconstans</span> <span class='ocrx_word' id='word_1_276' title='bbox 699 2314 790 2345; x_wconf 85' lang='lat' dir='ltr'>Joc.:</span> <span class='ocrx_word' id='word_1_277' title='bbox 822 2319 997 2347; x_wconf 78' lang='lat' dir='ltr'>constans</span> <span class='ocrx_word' id='word_1_278' title='bbox 1025 2316 1100 2348; x_wconf 88' lang='lat' dir='ltr'>GH.</span> <span class='ocrx_word' id='word_1_279' title='bbox 1133 2314 1147 2358; x_wconf 81' lang='grc' dir='ltr'>Η</span> <span class='ocrx_word' id='word_1_280' title='bbox 1182 2318 1222 2348; x_wconf 82' lang='grc'>10</span> <span class='ocrx_word' id='word_1_281' title='bbox 1249 2327 1329 2348; x_wconf 88' lang='lat' dir='ltr'>cum</span> <span class='ocrx_word' id='word_1_282' title='bbox 1354 2318 1545 2349; x_wconf 76' lang='lat' dir='ltr'>flectentes</span> <span class='ocrx_word' id='word_1_283' title='bbox 1573 2318 1638 2348; x_wconf 87' lang='lat' dir='ltr'>GH</span> 
     </span>
     <span class='ocr_line' id='line_1_33' title="bbox 118 2366 1637 2414; baseline 0.005 -17"><span class='ocrx_word' id='word_1_284' title='bbox 118 2366 269 2406; x_wconf 87' lang='lat' dir='ltr'>(circum</span> <span class='ocrx_word' id='word_1_285' title='bbox 294 2367 487 2400; x_wconf 87' lang='lat' dir='ltr'>flectentes</span> <span class='ocrx_word' id='word_1_286' title='bbox 516 2368 585 2409; x_wconf 68' lang='lat' dir='ltr'><em>GC).</em></span> <span class='ocrx_word' id='word_1_287' title='bbox 608 2367 623 2411; x_wconf 85' lang='grc' dir='ltr'>ΙΙ</span> <span class='ocrx_word' id='word_1_288' title='bbox 650 2371 687 2401; x_wconf 93' lang='grc'>11</span> <span class='ocrx_word' id='word_1_289' title='bbox 715 2370 810 2402; x_wconf 87' lang='lat' dir='ltr'>inter</span> <span class='ocrx_word' id='word_1_290' title='bbox 824 2371 939 2403; x_wconf 88' lang='lat' dir='ltr'>valles</span> <span class='ocrx_word' id='word_1_291' title='bbox 964 2373 1010 2403; x_wconf 86' lang='lat' dir='ltr'>H.</span> <span class='ocrx_word' id='word_1_292' title='bbox 1044 2370 1058 2414; x_wconf 82' lang='grc' dir='ltr'>Η</span> <span class='ocrx_word' id='word_1_293' title='bbox 1092 2374 1133 2405; x_wconf 89' lang='grc'>13</span> <span class='ocrx_word' id='word_1_294' title='bbox 1159 2372 1314 2404; x_wconf 85' lang='lat' dir='ltr'>latentia</span> <span class='ocrx_word' id='word_1_295' title='bbox 1332 2374 1443 2405; x_wconf 53' lang='lat' dir='ltr'>Marx:</span> <span class='ocrx_word' id='word_1_296' title='bbox 1471 2375 1637 2414; x_wconf 85' lang='lat' dir='ltr'>potentia</span> 
     </span>
     <span class='ocr_line' id='line_1_34' title="bbox 116 2424 1636 2472; baseline 0.005 -18"><span class='ocrx_word' id='word_1_297' title='bbox 116 2428 197 2455; x_wconf 84' lang='lat' dir='ltr'>ante</span> <span class='ocrx_word' id='word_1_298' title='bbox 222 2433 316 2456; x_wconf 80' lang='lat' dir='ltr'>corr.</span> <span class='ocrx_word' id='word_1_299' title='bbox 343 2424 379 2461; x_wconf 90' lang='lat' dir='ltr'>G,</span> <span class='ocrx_word' id='word_1_300' title='bbox 405 2425 573 2466; x_wconf 85' lang='lat' dir='ltr'>patentia</span> <span class='ocrx_word' id='word_1_301' title='bbox 601 2426 637 2456; x_wconf 89' lang='lat' dir='ltr'><em>H</em></span> <span class='ocrx_word' id='word_1_302' title='bbox 663 2424 816 2467; x_wconf 75' lang='lat' dir='ltr'><em>(GcLlc).</em></span> <span class='ocrx_word' id='word_1_303' title='bbox 849 2425 864 2469; x_wconf 76' lang='lat' dir='ltr'>[J</span> <span class='ocrx_word' id='word_1_304' title='bbox 897 2429 938 2459; x_wconf 87' lang='lat'>15</span> <span class='ocrx_word' id='word_1_305' title='bbox 964 2429 1164 2460; x_wconf 82' lang='lat' dir='ltr'>armoniam</span> <span class='ocrx_word' id='word_1_306' title='bbox 1192 2427 1270 2470; x_wconf 72' lang='lat'>(—51</span> <span class='ocrx_word' id='word_1_307' title='bbox 1297 2431 1338 2469; x_wconf 86' lang='lat' dir='ltr'><em>G)</em></span> <span class='ocrx_word' id='word_1_308' title='bbox 1367 2430 1442 2461; x_wconf 85' lang='lat' dir='ltr'><em>GH.</em></span> <span class='ocrx_word' id='word_1_309' title='bbox 1461 2428 1475 2472; x_wconf 73' lang='grc' dir='ltr'>Η</span> <span class='ocrx_word' id='word_1_310' title='bbox 1493 2430 1636 2461; x_wconf 80' lang='lat' dir='ltr'>chroma</span> 
     </span>
     <span class='ocr_line' id='line_1_35' title="bbox 118 2476 1635 2527; baseline 0.005 -17"><span class='ocrx_word' id='word_1_311' title='bbox 118 2479 194 2512; x_wconf 89' lang='lat' dir='ltr'><em>GH.</em></span> <span class='ocrx_word' id='word_1_312' title='bbox 226 2476 241 2521; x_wconf 78' lang='grc' dir='ltr'>ΙΙ</span> <span class='ocrx_word' id='word_1_313' title='bbox 274 2480 448 2512; x_wconf 85' lang='lat' dir='ltr'>diatonon</span> <span class='ocrx_word' id='word_1_314' title='bbox 475 2481 550 2516; x_wconf 86' lang='lat' dir='ltr'><em>GH.</em></span> <span class='ocrx_word' id='word_1_315' title='bbox 590 2478 605 2523; x_wconf 86' lang='grc' dir='ltr'>ΙΙ</span> <span class='ocrx_word' id='word_1_316' title='bbox 645 2483 686 2513; x_wconf 84' lang='grc'>16</span> <span class='ocrx_word' id='word_1_317' title='bbox 719 2483 764 2514; x_wconf 86' lang='lat' dir='ltr'>ad</span> <span class='ocrx_word' id='word_1_318' title='bbox 791 2487 868 2515; x_wconf 87' lang='lat' dir='ltr'>arte</span> <span class='ocrx_word' id='word_1_319' title='bbox 899 2484 937 2514; x_wconf 88' lang='lat' dir='ltr'>Il</span> <span class='ocrx_word' id='word_1_320' title='bbox 969 2484 1100 2527; x_wconf 80' lang='lat' dir='ltr'>(solus).</span> <span class='ocrx_word' id='word_1_321' title='bbox 1133 2483 1147 2527; x_wconf 81' lang='lat' dir='ltr'>{l</span> <span class='ocrx_word' id='word_1_322' title='bbox 1180 2487 1219 2517; x_wconf 80' lang='grc'>17</span> <span class='ocrx_word' id='word_1_323' title='bbox 1248 2496 1332 2518; x_wconf 80' lang='lat' dir='ltr'>care</span> <span class='ocrx_word' id='word_1_324' title='bbox 1366 2483 1463 2527; x_wconf 66' lang='lat' dir='ltr'>(—r·“¹</span> <span class='ocrx_word' id='word_1_325' title='bbox 1499 2488 1542 2517; x_wconf 58' lang='lat' dir='ltr'>Gt*</span> <span class='ocrx_word' id='word_1_326' title='bbox 1566 2498 1635 2518; x_wconf 75' lang='lat' dir='ltr'>cnm</span> 
     </span>
     <span class='ocr_line' id='line_1_36' title="bbox 115 2535 1636 2580; baseline 0.005 -14"><span class='ocrx_word' id='word_1_327' title='bbox 115 2535 225 2576; x_wconf 82' lang='lat' dir='ltr'>apice)</span> <span class='ocrx_word' id='word_1_328' title='bbox 253 2536 376 2567; x_wconf 77' lang='lat' dir='ltr'>cantio</span> <span class='ocrx_word' id='word_1_329' title='bbox 405 2538 448 2574; x_wconf 85' lang='lat' dir='ltr'><em>G,</em></span> <span class='ocrx_word' id='word_1_330' title='bbox 483 2548 527 2569; x_wconf 86' lang='lat' dir='ltr'>ea</span> <span class='ocrx_word' id='word_1_331' title='bbox 558 2539 720 2570; x_wconf 86' lang='lat' dir='ltr'>recantio</span> <span class='ocrx_word' id='word_1_332' title='bbox 747 2540 783 2570; x_wconf 94' lang='lat' dir='ltr'>ll</span> <span class='ocrx_word' id='word_1_333' title='bbox 815 2538 871 2580; x_wconf 78' lang='lat' dir='ltr'>(L.</span> <span class='ocrx_word' id='word_1_334' title='bbox 900 2550 944 2571; x_wconf 84' lang='lat' dir='ltr'>ca</span> <span class='ocrx_word' id='word_1_335' title='bbox 969 2551 1006 2572; x_wconf 84' lang='lat' dir='ltr'>re</span> <span class='ocrx_word' id='word_1_336' title='bbox 1038 2545 1124 2575; x_wconf 85' lang='lat' dir='ltr'>(rem</span> <span class='ocrx_word' id='word_1_337' title='bbox 1151 2547 1228 2573; x_wconf 72' lang='grc' dir='ltr'><em>[ιηιε</em></span> <span class='ocrx_word' id='word_1_338' title='bbox 1261 2553 1330 2574; x_wconf 79' lang='lat' dir='ltr'>ras.</span> <span class='ocrx_word' id='word_1_339' title='bbox 1356 2550 1385 2574; x_wconf 70' lang='lat' dir='ltr'>e&gt;</span> <span class='ocrx_word' id='word_1_340' title='bbox 1419 2544 1580 2574; x_wconf 82' lang='lat' dir='ltr'>cantatio</span> <span class='ocrx_word' id='word_1_341' title='bbox 1607 2545 1636 2574; x_wconf 85' lang='grc' dir='ltr'>Ι(-</span> 
     </span>
     <span class='ocr_line' id='line_1_37' title="bbox 118 2588 1635 2640; baseline 0.005 -18"><span class='ocrx_word' id='word_1_342' title='bbox 118 2588 197 2633; x_wconf 87' lang='grc' dir='ltr'>[υ]).</span> <span class='ocrx_word' id='word_1_343' title='bbox 236 2589 251 2634; x_wconf 81' lang='grc' dir='ltr'>Η</span> <span class='ocrx_word' id='word_1_344' title='bbox 290 2593 332 2624; x_wconf 76' lang='lat'>22</span> <span class='ocrx_word' id='word_1_345' title='bbox 363 2593 639 2625; x_wconf 85' lang='lat' dir='ltr'>tetrachordum</span> <span class='ocrx_word' id='word_1_346' title='bbox 672 2595 846 2629; x_wconf 57' lang='lat' dir='ltr'>Meibonu:</span> <span class='ocrx_word' id='word_1_347' title='bbox 883 2596 1194 2629; x_wconf 83' lang='lat' dir='ltr'>tetrachordorum</span> <span class='ocrx_word' id='word_1_348' title='bbox 1229 2598 1283 2638; x_wconf 64' lang='grc' dir='ltr'>(νῦ</span> <span class='ocrx_word' id='word_1_349' title='bbox 1319 2600 1358 2638; x_wconf 94' lang='lat' dir='ltr'><em>G)</em></span> <span class='ocrx_word' id='word_1_350' title='bbox 1394 2600 1469 2631; x_wconf 91' lang='lat' dir='ltr'><em>GH.</em></span> <span class='ocrx_word' id='word_1_351' title='bbox 1508 2596 1522 2640; x_wconf 83' lang='grc' dir='ltr'>Η</span> <span class='ocrx_word' id='word_1_352' title='bbox 1561 2599 1635 2629; x_wconf 89' lang='lat' dir='ltr'>die-</span> 
     </span>
     <span class='ocr_line' id='line_1_38' title="bbox 116 2647 1634 2696; baseline 0.007 -19"><span class='ocrx_word' id='word_1_353' title='bbox 116 2656 174 2678; x_wconf 84' lang='lat' dir='ltr'>ses</span> <span class='ocrx_word' id='word_1_354' title='bbox 202 2647 262 2679; x_wconf 63' lang='lat' dir='ltr'>GC:</span> <span class='ocrx_word' id='word_1_355' title='bbox 297 2648 432 2681; x_wconf 87' lang='lat' dir='ltr'>diheris</span> <span class='ocrx_word' id='word_1_356' title='bbox 463 2649 545 2691; x_wconf 82' lang='lat' dir='ltr'>(sic)</span> <span class='ocrx_word' id='word_1_357' title='bbox 579 2656 656 2682; x_wconf 80' lang='lat' dir='ltr'>ante</span> <span class='ocrx_word' id='word_1_358' title='bbox 694 2662 783 2685; x_wconf 80' lang='lat' dir='ltr'>corr,</span> <span class='ocrx_word' id='word_1_359' title='bbox 824 2652 868 2689; x_wconf 89' lang='lat' dir='ltr'>G,</span> <span class='ocrx_word' id='word_1_360' title='bbox 893 2652 1026 2684; x_wconf 82' lang='lat' dir='ltr'>dihesis</span> <span class='ocrx_word' id='word_1_361' title='bbox 1062 2654 1102 2684; x_wconf 87' lang='lat' dir='ltr'><em>H</em></span> <span class='ocrx_word' id='word_1_362' title='bbox 1136 2653 1239 2694; x_wconf 84' lang='lat' dir='ltr'>(Llc).</span> <span class='ocrx_word' id='word_1_363' title='bbox 1273 2652 1289 2696; x_wconf 79' lang='lat'>[1</span> <span class='ocrx_word' id='word_1_364' title='bbox 1322 2654 1432 2686; x_wconf 83' lang='lat' dir='ltr'>diesis</span> <span class='ocrx_word' id='word_1_365' title='bbox 1472 2656 1538 2685; x_wconf 87' lang='lat' dir='ltr'>GH</span> <span class='ocrx_word' id='word_1_366' title='bbox 1573 2655 1634 2695; x_wconf 68' lang='lat' dir='ltr'>(le.</span> 
     </span>
     <span class='ocr_line' id='line_1_39' title="bbox 115 2702 1594 2753; baseline 0.007 -19"><span class='ocrx_word' id='word_1_367' title='bbox 115 2703 252 2735; x_wconf 81' lang='lat' dir='ltr'>dihesis</span> <span class='ocrx_word' id='word_1_368' title='bbox 276 2704 333 2744; x_wconf 80' lang='lat' dir='ltr'>L).</span> <span class='ocrx_word' id='word_1_369' title='bbox 365 2702 380 2747; x_wconf 82' lang='grc' dir='ltr'>Η</span> <span class='ocrx_word' id='word_1_370' title='bbox 412 2707 454 2737; x_wconf 80' lang='lat'>23</span> <span class='ocrx_word' id='word_1_371' title='bbox 479 2705 678 2738; x_wconf 81' lang='lat' dir='ltr'>hemitonio</span> <span class='ocrx_word' id='word_1_372' title='bbox 706 2708 733 2737; x_wconf 92' lang='lat' dir='ltr'><em>G</em></span> <span class='ocrx_word' id='word_1_373' title='bbox 758 2705 862 2749; x_wconf 69' lang='lat' dir='ltr'>(ccl1):</span> <span class='ocrx_word' id='word_1_374' title='bbox 901 2708 1101 2741; x_wconf 86' lang='lat' dir='ltr'>heminotio</span> <span class='ocrx_word' id='word_1_375' title='bbox 1136 2711 1170 2741; x_wconf 89' lang='lat' dir='ltr'><em>H</em></span> <span class='ocrx_word' id='word_1_376' title='bbox 1196 2710 1241 2749; x_wconf 83' lang='lat' dir='ltr'>(et</span> <span class='ocrx_word' id='word_1_377' title='bbox 1266 2715 1343 2741; x_wconf 73' lang='lat' dir='ltr'>ante</span> <span class='ocrx_word' id='word_1_378' title='bbox 1369 2721 1458 2744; x_wconf 69' lang='lat' dir='ltr'>cor-r.</span> <span class='ocrx_word' id='word_1_379' title='bbox 1484 2722 1502 2741; x_wconf 76' lang='lat' dir='ltr'>c·</span> <span class='ocrx_word' id='word_1_380' title='bbox 1529 2708 1594 2753; x_wconf 82' lang='lat' dir='ltr'>[s].</span> 
     </span>
     <span class='ocr_line' id='line_1_40' title="bbox 116 2758 1634 2807; baseline 0.005 -18"><span class='ocrx_word' id='word_1_381' title='bbox 116 2758 235 2791; x_wconf 86' lang='lat' dir='ltr'>dieses</span> <span class='ocrx_word' id='word_1_382' title='bbox 256 2760 317 2790; x_wconf 67' lang='lat' dir='ltr'><em>Gc:</em></span> <span class='ocrx_word' id='word_1_383' title='bbox 345 2760 483 2793; x_wconf 86' lang='lat' dir='ltr'>dihesis</span> <span class='ocrx_word' id='word_1_384' title='bbox 509 2767 585 2794; x_wconf 80' lang='lat' dir='ltr'>ante</span> <span class='ocrx_word' id='word_1_385' title='bbox 611 2773 700 2796; x_wconf 76' lang='lat' dir='ltr'>corr.</span> <span class='ocrx_word' id='word_1_386' title='bbox 729 2765 772 2805; x_wconf 88' lang='lat' dir='ltr'>G,</span> <span class='ocrx_word' id='word_1_387' title='bbox 806 2764 914 2795; x_wconf 81' lang='lat' dir='ltr'>diesis</span> <span class='ocrx_word' id='word_1_388' title='bbox 940 2766 979 2796; x_wconf 90' lang='lat' dir='ltr'><em>H</em></span> <span class='ocrx_word' id='word_1_389' title='bbox 1001 2763 1108 2807; x_wconf 83' lang='lat' dir='ltr'>(Llc),</span> <span class='ocrx_word' id='word_1_390' title='bbox 1140 2764 1155 2807; x_wconf 84' lang='grc' dir='ltr'>Η</span> <span class='ocrx_word' id='word_1_391' title='bbox 1186 2768 1229 2797; x_wconf 72' lang='lat'>24</span> <span class='ocrx_word' id='word_1_392' title='bbox 1261 2766 1455 2797; x_wconf 77' lang='lat' dir='ltr'>chrmnati:</span> <span class='ocrx_word' id='word_1_393' title='bbox 1487 2769 1536 2799; x_wconf 77' lang='lat' dir='ltr'>sic</span> <span class='ocrx_word' id='word_1_394' title='bbox 1569 2768 1634 2799; x_wconf 84' lang='lat' dir='ltr'>GH</span> 
     </span>
     <span class='ocr_line' id='line_1_41' title="bbox 116 2809 1630 2863; baseline 0.007 -17"><span class='ocrx_word' id='word_1_395' title='bbox 116 2814 192 2856; x_wconf 83' lang='lat' dir='ltr'><em>(LI,</em></span> <span class='ocrx_word' id='word_1_396' title='bbox 226 2818 378 2848; x_wconf 86' lang='lat' dir='ltr'>cromati</span> <span class='ocrx_word' id='word_1_397' title='bbox 409 2817 474 2859; x_wconf 80' lang='lat' dir='ltr'>elz).</span> <span class='ocrx_word' id='word_1_398' title='bbox 505 2816 519 2860; x_wconf 89' lang='grc' dir='ltr'>ΙΙ</span> <span class='ocrx_word' id='word_1_399' title='bbox 551 2820 593 2850; x_wconf 80' lang='lat'>25</span> <span class='ocrx_word' id='word_1_400' title='bbox 619 2819 767 2851; x_wconf 85' lang='lat' dir='ltr'>diatono</span> <span class='ocrx_word' id='word_1_401' title='bbox 794 2821 870 2852; x_wconf 84' lang='lat' dir='ltr'>toni</span> <span class='ocrx_word' id='word_1_402' title='bbox 896 2821 979 2854; x_wconf 83' lang='lat' dir='ltr'>Lor.</span> <span class='ocrx_word' id='word_1_403' title='bbox 1007 2809 1098 2862; x_wconf 80' lang='lat' dir='ltr'>(toni</span> <span class='ocrx_word' id='word_1_404' title='bbox 1127 2827 1205 2863; x_wconf 71' lang='lat' dir='ltr'>post</span> <span class='ocrx_word' id='word_1_405' title='bbox 1237 2823 1440 2853; x_wconf 81' lang='lat' dir='ltr'>continuati</span> <span class='ocrx_word' id='word_1_406' title='bbox 1465 2823 1548 2855; x_wconf 78' lang='lat' dir='ltr'>add.</span> <span class='ocrx_word' id='word_1_407' title='bbox 1579 2825 1630 2856; x_wconf 78' lang='lat' dir='ltr'>ed.</span> 
     </span>
     <span class='ocr_line' id='line_1_42' title="bbox 120 2871 1629 2923; baseline 0.007 -21"><span class='ocrx_word' id='word_1_408' title='bbox 120 2871 239 2911; x_wconf 83' lang='lat' dir='ltr'>Ven.):</span> <span class='ocrx_word' id='word_1_409' title='bbox 282 2872 422 2905; x_wconf 88' lang='lat' dir='ltr'>diatoni</span> <span class='ocrx_word' id='word_1_410' title='bbox 462 2875 527 2905; x_wconf 85' lang='lat' dir='ltr'>GH</span> <span class='ocrx_word' id='word_1_411' title='bbox 566 2874 720 2915; x_wconf 84' lang='lat' dir='ltr'>(diatoni</span> <span class='ocrx_word' id='word_1_412' title='bbox 758 2880 842 2908; x_wconf 82' lang='lat' dir='ltr'>sunt</span> <span class='ocrx_word' id='word_1_413' title='bbox 878 2878 931 2918; x_wconf 85' lang='lat' dir='ltr'>H,</span> <span class='ocrx_word' id='word_1_414' title='bbox 970 2889 1031 2911; x_wconf 85' lang='lat' dir='ltr'>om.</span> <span class='ocrx_word' id='word_1_415' title='bbox 1064 2878 1132 2909; x_wconf 87' lang='lat' dir='ltr'>duo</span> <span class='ocrx_word' id='word_1_416' title='bbox 1170 2880 1260 2919; x_wconf 78' lang='lat' dir='ltr'>qnod</span> <span class='ocrx_word' id='word_1_417' title='bbox 1298 2881 1385 2909; x_wconf 79' lang='lat' dir='ltr'>inter</span> <span class='ocrx_word' id='word_1_418' title='bbox 1425 2880 1479 2914; x_wconf 80' lang='grc' dir='ltr'>Ιῖη,</span> <span class='ocrx_word' id='word_1_419' title='bbox 1520 2883 1629 2923; x_wconf 79' lang='lat' dir='ltr'>suppl.</span> 
     </span>
     <span class='ocr_line' id='line_1_43' title="bbox 111 2927 323 2969; baseline 0.005 -11"><span class='ocrx_word' id='word_1_420' title='bbox 111 2938 168 2969; x_wconf 73' lang='lat' dir='ltr'>pr.</span> <span class='ocrx_word' id='word_1_421' title='bbox 193 2938 232 2959; x_wconf 82' lang='lat' dir='ltr'>m.</span> <span class='ocrx_word' id='word_1_422' title='bbox 261 2927 323 2969; x_wconf 90' lang='grc' dir='ltr'><em>ΙΙ).</em></span> 
     </span>
    </p>
   </div>
   <div class='ocr_carea' id='block_1_11' title="bbox 1677 962 1718 991">
    <p class='ocr_par' dir='ltr' id='par_1_12' title="bbox 1677 962 1718 991">
     <span class='ocr_line' id='line_1_44' title="bbox 1677 962 1718 991; baseline 0 0"><span class='ocrx_word' id='word_1_423' title='bbox 1677 962 1718 991; x_wconf 82' lang='lat' dir='ltr'>lo</span> 
     </span>
    </p>
   </div>
   <div class='ocr_carea' id='block_1_12' title="bbox 1674 1301 1713 1332">
    <p class='ocr_par' dir='ltr' id='par_1_13' title="bbox 1674 1301 1713 1332">
     <span class='ocr_line' id='line_1_45' title="bbox 1674 1301 1713 1332; baseline 0.051 -2"><span class='ocrx_word' id='word_1_424' title='bbox 1674 1301 1713 1332; x_wconf 78' lang='lat'>15</span> 
     </span>
    </p>
   </div>
  </div>
 </body>
</html>
