<?xml version="1.0" encoding="UTF-8"?>
<!DOCTYPE html PUBLIC "-//W3C//DTD XHTML 1.0 Transitional//EN"
    "http://www.w3.org/TR/xhtml1/DTD/xhtml1-transitional.dtd">
<html xmlns="http://www.w3.org/1999/xhtml" xml:lang="en" lang="en">
 <head>
  <title>
</title>
<meta http-equiv="Content-Type" content="text/html;charset=utf-8" />
  <meta name='ocr-system' content='tesseract 3.04.00' />
  <meta name='ocr-capabilities' content='ocr_page ocr_carea ocr_par ocr_line ocrx_word'/>
</head>
<body>
  <div class='ocr_page' id='page_1' title='image "./dearchitecturali00vitruoft_0284.png"; bbox 0 0 1909 3322; ppageno 0'>
   <div class='ocr_carea' id='block_1_1' title="bbox 267 213 1127 254">
    <p class='ocr_par' dir='ltr' id='par_1_1' title="bbox 267 213 1127 254">
     <span class='ocr_line' id='line_1_1' title="bbox 267 213 1127 254; baseline -0.003 0"><span class='ocrx_word' id='word_1_1' title='bbox 267 213 349 254; x_wconf 77' lang='lat'>266</span> <span class='ocrx_word' id='word_1_2' title='bbox 918 222 1127 252; x_wconf 75' lang='lat' dir='ltr'>vrrssovn</span> 
     </span>
    </p>
   </div>
   <div class='ocr_carea' id='block_1_2' title="bbox 270 322 1786 447">
    <p class='ocr_par' dir='ltr' id='par_1_2' title="bbox 270 322 1786 447">
     <span class='ocr_line' id='line_1_2' title="bbox 381 322 1786 380; baseline -0.001 -15"><span class='ocrx_word' id='word_1_3' title='bbox 381 325 503 377; x_wconf 73' lang='lat' dir='ltr'>Quae</span> <span class='ocrx_word' id='word_1_4' title='bbox 539 324 704 380; x_wconf 77' lang='lat' dir='ltr'>pacatis</span> <span class='ocrx_word' id='word_1_5' title='bbox 737 329 778 365; x_wconf 88' lang='lat' dir='ltr'>et</span> <span class='ocrx_word' id='word_1_6' title='bbox 809 323 900 365; x_wconf 90' lang='lat' dir='ltr'>sine</span> <span class='ocrx_word' id='word_1_7' title='bbox 939 329 1058 365; x_wconf 90' lang='lat' dir='ltr'>metu</span> <span class='ocrx_word' id='word_1_8' title='bbox 1095 323 1362 380; x_wconf 76' lang='lat' dir='ltr'>temporibus</span> <span class='ocrx_word' id='word_1_9' title='bbox 1393 322 1450 362; x_wconf 89' lang='lat' dir='ltr'>ad</span> <span class='ocrx_word' id='word_1_10' title='bbox 1478 322 1712 364; x_wconf 78' lang='lat' dir='ltr'>utilitatem</span> <span class='ocrx_word' id='word_1_11' title='bbox 1743 328 1786 364; x_wconf 91' lang='lat' dir='ltr'>et</span> 
     </span>
     <span class='ocr_line' id='line_1_3' title="bbox 270 389 1784 447; baseline -0.002 -15"><span class='ocrx_word' id='word_1_12' title='bbox 270 392 599 433; x_wconf 75' lang='lat' dir='ltr'>delectationem</span> <span class='ocrx_word' id='word_1_13' title='bbox 639 390 830 447; x_wconf 86' lang='lat' dir='ltr'>paranda</span> <span class='ocrx_word' id='word_1_14' title='bbox 867 390 1227 447; x_wconf 83' lang='lat' dir='ltr'>quemadmodum</span> <span class='ocrx_word' id='word_1_15' title='bbox 1265 389 1450 431; x_wconf 88' lang='lat' dir='ltr'>debeant</span> <span class='ocrx_word' id='word_1_16' title='bbox 1488 389 1582 430; x_wconf 91' lang='lat' dir='ltr'>fieri</span> <span class='ocrx_word' id='word_1_17' title='bbox 1619 390 1784 446; x_wconf 88' lang='lat' dir='ltr'>peregi.</span> 
     </span>
    </p>
   </div>
   <div class='ocr_carea' id='block_1_3' title="bbox 177 456 1872 515">
    <p class='ocr_par' dir='ltr' id='par_1_3' title="bbox 177 456 1872 515">
     <span class='ocr_line' id='line_1_4' title="bbox 177 456 1872 515; baseline -0.002 -15"><span class='ocrx_word' id='word_1_18' title='bbox 177 470 241 501; x_wconf 80' lang='lat' dir='ltr'>XV</span> <span class='ocrx_word' id='word_1_19' title='bbox 268 474 382 500; x_wconf 88' lang='lat' dir='ltr'>nunc</span> <span class='ocrx_word' id='word_1_20' title='bbox 412 473 515 500; x_wconf 87' lang='lat' dir='ltr'>vero</span> <span class='ocrx_word' id='word_1_21' title='bbox 547 472 656 514; x_wconf 86' lang='lat' dir='ltr'>quae</span> <span class='ocrx_word' id='word_1_22' title='bbox 684 457 741 499; x_wconf 89' lang='lat' dir='ltr'>ad</span> <span class='ocrx_word' id='word_1_23' title='bbox 771 458 990 515; x_wconf 84' lang='lat' dir='ltr'>praesidia</span> <span class='ocrx_word' id='word_1_24' title='bbox 1019 458 1202 514; x_wconf 88' lang='lat' dir='ltr'>periculi</span> <span class='ocrx_word' id='word_1_25' title='bbox 1232 464 1273 498; x_wconf 90' lang='lat' dir='ltr'>et</span> <span class='ocrx_word' id='word_1_26' title='bbox 1303 457 1605 498; x_wconf 90' lang='lat' dir='ltr'>necessitatem</span> <span class='ocrx_word' id='word_1_27' title='bbox 1635 456 1783 498; x_wconf 88' lang='lat' dir='ltr'>salutis</span> <span class='ocrx_word' id='word_1_28' title='bbox 1811 463 1872 506; x_wconf 78' lang='lat' dir='ltr'>(x)</span> 
     </span>
    </p>
   </div>
   <div class='ocr_carea' id='block_1_4' title="bbox 226 605 246 635">
    <p class='ocr_par' dir='ltr' id='par_1_4' title="bbox 226 605 246 635">
     <span class='ocr_line' id='line_1_5' title="bbox 226 605 246 635; baseline 0 0"><span class='ocrx_word' id='word_1_29' title='bbox 226 605 246 635; x_wconf 82' lang='lat'>5</span> 
     </span>
    </p>
   </div>
   <div class='ocr_carea' id='block_1_5' title="bbox 270 524 1790 922">
    <p class='ocr_par' dir='ltr' id='par_1_5' title="bbox 270 524 1786 651">
     <span class='ocr_line' id='line_1_6' title="bbox 270 524 1786 583; baseline -0.002 -15"><span class='ocrx_word' id='word_1_30' title='bbox 270 533 368 568; x_wconf 88' lang='lat' dir='ltr'>sunt</span> <span class='ocrx_word' id='word_1_31' title='bbox 397 527 595 580; x_wconf 80' lang='lat' dir='ltr'>inventa,</span> <span class='ocrx_word' id='word_1_32' title='bbox 627 525 673 567; x_wconf 88' lang='lat' dir='ltr'>id</span> <span class='ocrx_word' id='word_1_33' title='bbox 705 532 768 567; x_wconf 89' lang='lat' dir='ltr'>est</span> <span class='ocrx_word' id='word_1_34' title='bbox 799 527 1073 583; x_wconf 79' lang='lat' dir='ltr'>scorpionum</span> <span class='ocrx_word' id='word_1_35' title='bbox 1104 533 1145 567; x_wconf 88' lang='lat' dir='ltr'>et</span> <span class='ocrx_word' id='word_1_36' title='bbox 1174 524 1446 566; x_wconf 81' lang='lat' dir='ltr'>ballistarum</span> <span class='ocrx_word' id='word_1_37' title='bbox 1475 525 1662 566; x_wconf 89' lang='lat' dir='ltr'>rationes</span> <span class='ocrx_word' id='word_1_38' title='bbox 1695 525 1786 580; x_wconf 90' lang='lat' dir='ltr'>qui-</span> 
     </span>
     <span class='ocr_line' id='line_1_7' title="bbox 271 594 1376 651; baseline -0.003 -15"><span class='ocrx_word' id='word_1_39' title='bbox 271 595 351 637; x_wconf 88' lang='lat' dir='ltr'>bus</span> <span class='ocrx_word' id='word_1_40' title='bbox 383 594 648 651; x_wconf 82' lang='lat' dir='ltr'>symmetriis</span> <span class='ocrx_word' id='word_1_41' title='bbox 681 595 922 650; x_wconf 87' lang='lat' dir='ltr'>comparari</span> <span class='ocrx_word' id='word_1_42' title='bbox 951 594 1119 650; x_wconf 83' lang='lat' dir='ltr'>possint</span> <span class='ocrx_word' id='word_1_43' title='bbox 1150 607 1376 649; x_wconf 79' lang='lat' dir='ltr'>exponam.</span> 
     </span>
    </p>

    <p class='ocr_par' dir='ltr' id='par_1_6' title="bbox 272 661 1790 922">
     <span class='ocr_line' id='line_1_8' title="bbox 384 661 1788 717; baseline -0.002 -13"><span class='ocrx_word' id='word_1_44' title='bbox 384 662 544 704; x_wconf 85' lang='lat' dir='ltr'>Omnes</span> <span class='ocrx_word' id='word_1_45' title='bbox 588 662 886 717; x_wconf 83' lang='lat' dir='ltr'>proportiones</span> <span class='ocrx_word' id='word_1_46' title='bbox 932 676 1077 703; x_wconf 86' lang='lat' dir='ltr'>eorum</span> <span class='ocrx_word' id='word_1_47' title='bbox 1122 676 1381 716; x_wconf 78' lang='lat' dir='ltr'>organorum</span> <span class='ocrx_word' id='word_1_48' title='bbox 1416 661 1729 702; x_wconf 81' lang='lat' dir='ltr'>ratiocinantur</span> <span class='ocrx_word' id='word_1_49' title='bbox 1766 675 1788 701; x_wconf 92' lang='lat' dir='ltr'>e</span> 
     </span>
     <span class='ocr_line' id='line_1_9' title="bbox 272 727 1788 787; baseline -0.003 -15"><span class='ocrx_word' id='word_1_50' title='bbox 272 731 492 787; x_wconf 86' lang='lat' dir='ltr'>proposita</span> <span class='ocrx_word' id='word_1_51' title='bbox 512 730 696 784; x_wconf 81' lang='lat' dir='ltr'>sagittae</span> <span class='ocrx_word' id='word_1_52' title='bbox 717 729 987 784; x_wconf 83' lang='lat' dir='ltr'>longitudine</span> <span class='ocrx_word' id='word_1_53' title='bbox 1009 744 1134 785; x_wconf 87' lang='lat' dir='ltr'>quam</span> <span class='ocrx_word' id='word_1_54' title='bbox 1156 728 1202 769; x_wconf 93' lang='lat' dir='ltr'>id</span> <span class='ocrx_word' id='word_1_55' title='bbox 1220 743 1431 784; x_wconf 88' lang='lat' dir='ltr'>organum</span> <span class='ocrx_word' id='word_1_56' title='bbox 1451 729 1623 770; x_wconf 88' lang='lat' dir='ltr'>mittere</span> <span class='ocrx_word' id='word_1_57' title='bbox 1644 727 1788 781; x_wconf 88' lang='lat' dir='ltr'>debet,</span> 
     </span>
     <span class='ocr_line' id='line_1_10' title="bbox 273 795 1787 854; baseline -0.002 -15"><span class='ocrx_word' id='word_1_58' title='bbox 273 799 449 854; x_wconf 88' lang='lat' dir='ltr'>eiusque</span> <span class='ocrx_word' id='word_1_59' title='bbox 485 811 622 838; x_wconf 88' lang='lat' dir='ltr'>nonae</span> <span class='ocrx_word' id='word_1_60' title='bbox 660 798 796 852; x_wconf 87' lang='lat' dir='ltr'>partis</span> <span class='ocrx_word' id='word_1_61' title='bbox 827 797 875 838; x_wconf 91' lang='lat' dir='ltr'>fit</span> <span class='ocrx_word' id='word_1_62' title='bbox 912 797 1169 838; x_wconf 87' lang='lat' dir='ltr'>foraminum</span> <span class='ocrx_word' id='word_1_63' title='bbox 1206 798 1252 837; x_wconf 89' lang='lat' dir='ltr'>in</span> <span class='ocrx_word' id='word_1_64' title='bbox 1283 796 1482 852; x_wconf 88' lang='lat' dir='ltr'>capitulis</span> <span class='ocrx_word' id='word_1_65' title='bbox 1520 795 1787 851; x_wconf 78' lang='lat' dir='ltr'>magnitudo,</span> 
     </span>
     <span class='ocr_line' id='line_1_11' title="bbox 273 863 1790 922; baseline -0.002 -15"><span class='ocrx_word' id='word_1_66' title='bbox 273 881 349 922; x_wconf 90' lang='lat' dir='ltr'>per</span> <span class='ocrx_word' id='word_1_67' title='bbox 388 879 496 922; x_wconf 88' lang='lat' dir='ltr'>quac</span> <span class='ocrx_word' id='word_1_68' title='bbox 534 863 772 906; x_wconf 88' lang='lat' dir='ltr'>tenduntur</span> <span class='ocrx_word' id='word_1_69' title='bbox 802 865 924 905; x_wconf 79' lang='lat' dir='ltr'>nervi</span> <span class='ocrx_word' id='word_1_70' title='bbox 954 865 1058 905; x_wconf 86' lang='lat' dir='ltr'>torti</span> <span class='ocrx_word' id='word_1_71' title='bbox 1089 865 1163 920; x_wconf 90' lang='lat' dir='ltr'>qui</span> <span class='ocrx_word' id='word_1_72' title='bbox 1192 864 1370 906; x_wconf 87' lang='lat' dir='ltr'>brachia</span> <span class='ocrx_word' id='word_1_73' title='bbox 1401 865 1636 905; x_wconf 88' lang='lat' dir='ltr'>continent.</span> <span class='ocrx_word' id='word_1_74' title='bbox 1694 864 1790 919; x_wconf 87' lang='lat' dir='ltr'>ipsa</span> 
     </span>
    </p>
   </div>
   <div class='ocr_carea' id='block_1_6' title="bbox 215 930 1789 989">
    <p class='ocr_par' dir='ltr' id='par_1_7' title="bbox 215 930 1789 989">
     <span class='ocr_line' id='line_1_12' title="bbox 215 930 1789 989; baseline -0.001 -16"><span class='ocrx_word' id='word_1_75' title='bbox 215 942 253 973; x_wconf 87' lang='lat'>10</span> <span class='ocrx_word' id='word_1_76' title='bbox 278 941 369 976; x_wconf 88' lang='lat' dir='ltr'>tum</span> <span class='ocrx_word' id='word_1_77' title='bbox 390 932 520 974; x_wconf 87' lang='lat' dir='ltr'>debet</span> <span class='ocrx_word' id='word_1_78' title='bbox 542 947 688 973; x_wconf 89' lang='lat' dir='ltr'>eorum</span> <span class='ocrx_word' id='word_1_79' title='bbox 718 931 978 973; x_wconf 83' lang='lat' dir='ltr'>foraminum</span> <span class='ocrx_word' id='word_1_80' title='bbox 999 931 1178 989; x_wconf 85' lang='lat' dir='ltr'>capituli</span> <span class='ocrx_word' id='word_1_81' title='bbox 1207 931 1440 973; x_wconf 87' lang='lat' dir='ltr'>deformari</span> <span class='ocrx_word' id='word_1_82' title='bbox 1463 931 1646 973; x_wconf 87' lang='lat' dir='ltr'>altitudo</span> <span class='ocrx_word' id='word_1_83' title='bbox 1669 937 1710 972; x_wconf 89' lang='lat' dir='ltr'>et</span> <span class='ocrx_word' id='word_1_84' title='bbox 1729 930 1789 971; x_wconf 91' lang='lat' dir='ltr'>la·</span> 
     </span>
    </p>
   </div>
   <div class='ocr_carea' id='block_1_7' title="bbox 274 998 1795 1395">
    <p class='ocr_par' dir='ltr' id='par_1_8' title="bbox 274 998 1795 1395">
     <span class='ocr_line' id='line_1_13' title="bbox 274 998 1787 1056; baseline -0.003 -14"><span class='ocrx_word' id='word_1_85' title='bbox 274 1001 428 1043; x_wconf 88' lang='lat' dir='ltr'>titudo.</span> <span class='ocrx_word' id='word_1_86' title='bbox 479 999 652 1040; x_wconf 87' lang='lat' dir='ltr'>tabulae</span> <span class='ocrx_word' id='word_1_87' title='bbox 684 1013 792 1055; x_wconf 89' lang='lat' dir='ltr'>quae</span> <span class='ocrx_word' id='word_1_88' title='bbox 824 1006 923 1041; x_wconf 89' lang='lat' dir='ltr'>sunt</span> <span class='ocrx_word' id='word_1_89' title='bbox 952 1001 998 1040; x_wconf 91' lang='lat' dir='ltr'>in</span> <span class='ocrx_word' id='word_1_90' title='bbox 1030 1015 1194 1042; x_wconf 87' lang='lat' dir='ltr'>summo</span> <span class='ocrx_word' id='word_1_91' title='bbox 1227 1005 1268 1041; x_wconf 91' lang='lat' dir='ltr'>et</span> <span class='ocrx_word' id='word_1_92' title='bbox 1298 1001 1343 1041; x_wconf 87' lang='lat' dir='ltr'>in</span> <span class='ocrx_word' id='word_1_93' title='bbox 1372 999 1457 1040; x_wconf 89' lang='lat' dir='ltr'>imo</span> <span class='ocrx_word' id='word_1_94' title='bbox 1480 998 1659 1056; x_wconf 86' lang='lat' dir='ltr'>capituli</span> <span class='ocrx_word' id='word_1_95' title='bbox 1679 999 1787 1054; x_wconf 89' lang='lat' dir='ltr'>peri-</span> 
     </span>
     <span class='ocr_line' id='line_1_14' title="bbox 274 1066 1791 1124; baseline -0.002 -14"><span class='ocrx_word' id='word_1_96' title='bbox 274 1069 460 1124; x_wconf 89' lang='lat' dir='ltr'>tretique</span> <span class='ocrx_word' id='word_1_97' title='bbox 491 1072 723 1120; x_wconf 87' lang='lat' dir='ltr'>vocantur,</span> <span class='ocrx_word' id='word_1_98' title='bbox 761 1067 867 1108; x_wconf 87' lang='lat' dir='ltr'>fiant</span> <span class='ocrx_word' id='word_1_99' title='bbox 906 1068 1191 1109; x_wconf 85' lang='lat' dir='ltr'>crassitudine</span> <span class='ocrx_word' id='word_1_100' title='bbox 1220 1069 1347 1109; x_wconf 89' lang='lat' dir='ltr'>unius</span> <span class='ocrx_word' id='word_1_101' title='bbox 1378 1067 1614 1121; x_wconf 90' lang='lat' dir='ltr'>foraminis,</span> <span class='ocrx_word' id='word_1_102' title='bbox 1647 1066 1791 1107; x_wconf 88' lang='lat' dir='ltr'>latitu-</span> 
     </span>
     <span class='ocr_line' id='line_1_15' title="bbox 275 1134 1793 1189; baseline -0.001 -12"><span class='ocrx_word' id='word_1_103' title='bbox 275 1137 377 1177; x_wconf 89' lang='lat' dir='ltr'>dine</span> <span class='ocrx_word' id='word_1_104' title='bbox 406 1136 533 1176; x_wconf 86' lang='lat' dir='ltr'>unius</span> <span class='ocrx_word' id='word_1_105' title='bbox 566 1141 607 1175; x_wconf 90' lang='lat' dir='ltr'>et</span> <span class='ocrx_word' id='word_1_106' title='bbox 639 1135 728 1175; x_wconf 89' lang='lat' dir='ltr'>eius</span> <span class='ocrx_word' id='word_1_107' title='bbox 760 1134 999 1189; x_wconf 76' lang='lat' dir='ltr'>dodrantis,</span> <span class='ocrx_word' id='word_1_108' title='bbox 1031 1137 1076 1176; x_wconf 89' lang='lat' dir='ltr'>in</span> <span class='ocrx_word' id='word_1_109' title='bbox 1108 1136 1313 1177; x_wconf 76' lang='lat' dir='ltr'>extremis</span> <span class='ocrx_word' id='word_1_110' title='bbox 1345 1135 1566 1177; x_wconf 86' lang='lat' dir='ltr'>foraminis</span> <span class='ocrx_word' id='word_1_111' title='bbox 1599 1135 1724 1176; x_wconf 87' lang='lat' dir='ltr'>unius</span> <span class='ocrx_word' id='word_1_112' title='bbox 1751 1140 1793 1175; x_wconf 89' lang='lat' dir='ltr'>et</span> 
     </span>
     <span class='ocr_line' id='line_1_16' title="bbox 277 1202 1794 1259; baseline -0.001 -15"><span class='ocrx_word' id='word_1_113' title='bbox 277 1205 367 1245; x_wconf 87' lang='lat' dir='ltr'>eius</span> <span class='ocrx_word' id='word_1_114' title='bbox 399 1215 435 1245; x_wconf 85' lang='lat' dir='ltr'>S.</span> <span class='ocrx_word' id='word_1_115' title='bbox 483 1203 766 1259; x_wconf 84' lang='lat' dir='ltr'>parastaticae</span> <span class='ocrx_word' id='word_1_116' title='bbox 798 1203 953 1245; x_wconf 77' lang='lat' dir='ltr'>dextra</span> <span class='ocrx_word' id='word_1_117' title='bbox 983 1218 1032 1244; x_wconf 90' lang='lat' dir='ltr'>ac</span> <span class='ocrx_word' id='word_1_118' title='bbox 1063 1204 1239 1244; x_wconf 85' lang='lat' dir='ltr'>sinistra</span> <span class='ocrx_word' id='word_1_119' title='bbox 1270 1210 1440 1259; x_wconf 87' lang='lat' dir='ltr'>praeter</span> <span class='ocrx_word' id='word_1_120' title='bbox 1464 1203 1660 1244; x_wconf 85' lang='lat' dir='ltr'>cardines</span> <span class='ocrx_word' id='word_1_121' title='bbox 1681 1202 1794 1243; x_wconf 89' lang='lat' dir='ltr'>altae</span> 
     </span>
     <span class='ocr_line' id='line_1_17' title="bbox 274 1269 1793 1327; baseline -0.001 -15"><span class='ocrx_word' id='word_1_122' title='bbox 274 1271 533 1313; x_wconf 86' lang='lat' dir='ltr'>foraminum</span> <span class='ocrx_word' id='word_1_123' title='bbox 564 1282 656 1322; x_wconf 81' lang='lat'>1111,</span> <span class='ocrx_word' id='word_1_124' title='bbox 690 1284 859 1312; x_wconf 89' lang='lat' dir='ltr'>crassae</span> <span class='ocrx_word' id='word_1_125' title='bbox 888 1271 1113 1313; x_wconf 86' lang='lat' dir='ltr'>foraminis</span> <span class='ocrx_word' id='word_1_126' title='bbox 1146 1273 1323 1327; x_wconf 88' lang='lat' dir='ltr'>quinum</span> <span class='ocrx_word' id='word_1_127' title='bbox 1457 1271 1651 1312; x_wconf 86' lang='lat' dir='ltr'>cardines</span> <span class='ocrx_word' id='word_1_128' title='bbox 1682 1269 1793 1311; x_wconf 85' lang='lat' dir='ltr'>fora-</span> 
     </span>
     <span class='ocr_line' id='line_1_18' title="bbox 277 1337 1795 1395; baseline -0.001 -16"><span class='ocrx_word' id='word_1_129' title='bbox 277 1340 404 1380; x_wconf 88' lang='lat' dir='ltr'>minis</span> <span class='ocrx_word' id='word_1_130' title='bbox 436 1337 622 1389; x_wconf 90' lang='lat' dir='ltr'>dimidii,</span> <span class='ocrx_word' id='word_1_131' title='bbox 655 1352 679 1377; x_wconf 89' lang='lat' dir='ltr'>a</span> <span class='ocrx_word' id='word_1_132' title='bbox 714 1339 975 1393; x_wconf 85' lang='lat' dir='ltr'>parastatica</span> <span class='ocrx_word' id='word_1_133' title='bbox 1011 1338 1066 1379; x_wconf 87' lang='lat' dir='ltr'>ad</span> <span class='ocrx_word' id='word_1_134' title='bbox 1107 1338 1300 1381; x_wconf 89' lang='lat' dir='ltr'>foramen</span> <span class='ocrx_word' id='word_1_135' title='bbox 1344 1339 1531 1395; x_wconf 89' lang='lat' dir='ltr'>spatium</span> <span class='ocrx_word' id='word_1_136' title='bbox 1571 1338 1795 1379; x_wconf 88' lang='lat' dir='ltr'>foraminis</span> 
     </span>
    </p>
   </div>
   <div class='ocr_carea' id='block_1_8' title="bbox 275 1408 1798 1744">
    <p class='ocr_par' dir='ltr' id='par_1_9' title="bbox 275 1408 1798 1744">
     <span class='ocr_line' id='line_1_19' title="bbox 275 1408 1794 1473; baseline -0.003 -13"><span class='ocrx_word' id='word_1_137' title='bbox 275 1409 337 1470; x_wconf 48' lang='lat' dir='ltr'>gf),</span> <span class='ocrx_word' id='word_1_138' title='bbox 368 1432 393 1457; x_wconf 89' lang='lat' dir='ltr'>a</span> <span class='ocrx_word' id='word_1_139' title='bbox 424 1415 633 1457; x_wconf 87' lang='lat' dir='ltr'>foramine</span> <span class='ocrx_word' id='word_1_140' title='bbox 664 1415 719 1456; x_wconf 88' lang='lat' dir='ltr'>ad</span> <span class='ocrx_word' id='word_1_141' title='bbox 749 1417 991 1458; x_wconf 87' lang='lat' dir='ltr'>medianam</span> <span class='ocrx_word' id='word_1_142' title='bbox 1024 1419 1329 1473; x_wconf 83' lang='lat' dir='ltr'>parastaticam</span> <span class='ocrx_word' id='word_1_143' title='bbox 1359 1419 1463 1459; x_wconf 85' lang='lat' dir='ltr'>item</span> <span class='ocrx_word' id='word_1_144' title='bbox 1491 1417 1712 1459; x_wconf 88' lang='lat' dir='ltr'>foraminis</span> <span class='ocrx_word' id='word_1_145' title='bbox 1734 1408 1794 1460; x_wconf 52' lang='lat' dir='ltr'>gf).</span> 
     </span>
     <span class='ocr_line' id='line_1_20' title="bbox 277 1482 1794 1539; baseline 0 -13"><span class='ocrx_word' id='word_1_146' title='bbox 277 1484 460 1526; x_wconf 87' lang='lat' dir='ltr'>latitudo</span> <span class='ocrx_word' id='word_1_147' title='bbox 491 1483 743 1539; x_wconf 84' lang='lat' dir='ltr'>parastados</span> <span class='ocrx_word' id='word_1_148' title='bbox 774 1485 943 1526; x_wconf 88' lang='lat' dir='ltr'>mediae</span> <span class='ocrx_word' id='word_1_149' title='bbox 973 1487 1100 1526; x_wconf 88' lang='lat' dir='ltr'>unius</span> <span class='ocrx_word' id='word_1_150' title='bbox 1132 1485 1354 1527; x_wconf 85' lang='lat' dir='ltr'>foraminis</span> <span class='ocrx_word' id='word_1_151' title='bbox 1388 1492 1429 1527; x_wconf 92' lang='lat' dir='ltr'>et</span> <span class='ocrx_word' id='word_1_152' title='bbox 1458 1486 1548 1527; x_wconf 91' lang='lat' dir='ltr'>eius</span> <span class='ocrx_word' id='word_1_153' title='bbox 1573 1482 1648 1537; x_wconf 59' lang='grc' dir='ltr'>ῨΚ,</span> <span class='ocrx_word' id='word_1_154' title='bbox 1682 1499 1794 1526; x_wconf 88' lang='lat' dir='ltr'>cras·</span> 
     </span>
     <span class='ocr_line' id='line_1_21' title="bbox 279 1550 1796 1607; baseline -0.001 -13"><span class='ocrx_word' id='word_1_155' title='bbox 279 1552 422 1594; x_wconf 88' lang='lat' dir='ltr'>situdo</span> <span class='ocrx_word' id='word_1_156' title='bbox 459 1550 682 1592; x_wconf 87' lang='lat' dir='ltr'>foraminis</span> <span class='ocrx_word' id='word_1_157' title='bbox 714 1554 855 1593; x_wconf 88' lang='lat' dir='ltr'>unius.</span> <span class='ocrx_word' id='word_1_158' title='bbox 916 1552 1214 1605; x_wconf 85' lang='lat' dir='ltr'>intervallum,</span> <span class='ocrx_word' id='word_1_159' title='bbox 1253 1553 1329 1594; x_wconf 85' lang='lat' dir='ltr'>ubi</span> <span class='ocrx_word' id='word_1_160' title='bbox 1361 1554 1520 1607; x_wconf 83' lang='lat' dir='ltr'>sagitta</span> <span class='ocrx_word' id='word_1_161' title='bbox 1550 1553 1796 1595; x_wconf 89' lang='lat' dir='ltr'>conlocatur</span> 
     </span>
     <span class='ocr_line' id='line_1_22' title="bbox 280 1618 1795 1677; baseline 0 -17"><span class='ocrx_word' id='word_1_162' title='bbox 280 1621 325 1660; x_wconf 87' lang='lat' dir='ltr'>in</span> <span class='ocrx_word' id='word_1_163' title='bbox 346 1618 487 1659; x_wconf 89' lang='lat' dir='ltr'>media</span> <span class='ocrx_word' id='word_1_164' title='bbox 508 1619 750 1674; x_wconf 87' lang='lat' dir='ltr'>parastade,</span> <span class='ocrx_word' id='word_1_165' title='bbox 774 1619 999 1661; x_wconf 90' lang='lat' dir='ltr'>foraminis</span> <span class='ocrx_word' id='word_1_166' title='bbox 1022 1621 1157 1676; x_wconf 85' lang='lat' dir='ltr'>partis</span> <span class='ocrx_word' id='word_1_167' title='bbox 1181 1627 1371 1676; x_wconf 85' lang='lat' dir='ltr'>quartae.</span> <span class='ocrx_word' id='word_1_168' title='bbox 1411 1620 1559 1675; x_wconf 89' lang='lat' dir='ltr'>anguli</span> <span class='ocrx_word' id='word_1_169' title='bbox 1580 1627 1795 1677; x_wconf 86' lang='lat' dir='ltr'>quattuor,</span> 
     </span>
     <span class='ocr_line' id='line_1_23' title="bbox 281 1687 1798 1744; baseline 0.002 -17"><span class='ocrx_word' id='word_1_170' title='bbox 281 1688 353 1743; x_wconf 88' lang='lat' dir='ltr'>qui</span> <span class='ocrx_word' id='word_1_171' title='bbox 392 1692 491 1728; x_wconf 89' lang='lat' dir='ltr'>sunt</span> <span class='ocrx_word' id='word_1_172' title='bbox 529 1687 662 1744; x_wconf 86' lang='lat' dir='ltr'>circa,</span> <span class='ocrx_word' id='word_1_173' title='bbox 702 1688 747 1728; x_wconf 89' lang='lat' dir='ltr'>in</span> <span class='ocrx_word' id='word_1_174' title='bbox 786 1687 992 1730; x_wconf 86' lang='lat' dir='ltr'>lateribus</span> <span class='ocrx_word' id='word_1_175' title='bbox 1025 1694 1065 1729; x_wconf 89' lang='lat' dir='ltr'>et</span> <span class='ocrx_word' id='word_1_176' title='bbox 1104 1687 1320 1729; x_wconf 85' lang='lat' dir='ltr'>frontibus</span> <span class='ocrx_word' id='word_1_177' title='bbox 1351 1688 1504 1730; x_wconf 87' lang='lat' dir='ltr'>lamnis</span> <span class='ocrx_word' id='word_1_178' title='bbox 1542 1688 1693 1729; x_wconf 86' lang='lat' dir='ltr'>ferreis</span> <span class='ocrx_word' id='word_1_179' title='bbox 1724 1694 1798 1730; x_wconf 88' lang='lat' dir='ltr'>aut</span> 
     </span>
    </p>
   </div>
   <div class='ocr_carea' id='block_1_9' title="bbox 343 1807 581 1812">
    <p class='ocr_par' dir='ltr' id='par_1_10' title="bbox 343 1807 581 1812">
     <span class='ocr_line' id='line_1_24' title="bbox 343 1807 581 1812; baseline 0 0"><span class='ocrx_word' id='word_1_180' title='bbox 343 1807 581 1812; x_wconf 95' lang='lat' dir='ltr'> </span> 
     </span>
    </p>
   </div>
   <div class='ocr_carea' id='block_1_10' title="bbox 281 1872 1807 2812">
    <p class='ocr_par' dir='ltr' id='par_1_11' title="bbox 281 1872 1807 2812">
     <span class='ocr_line' id='line_1_25' title="bbox 371 1872 1799 1921; baseline -0.003 -14"><span class='ocrx_word' id='word_1_181' title='bbox 371 1882 391 1911; x_wconf 82' lang='lat'>2</span> <span class='ocrx_word' id='word_1_182' title='bbox 417 1880 543 1921; x_wconf 79' lang='lat' dir='ltr'>peregi</span> <span class='ocrx_word' id='word_1_183' title='bbox 573 1888 634 1919; x_wconf 68' lang='lat' dir='ltr'>eyo</span> <span class='ocrx_word' id='word_1_184' title='bbox 667 1873 865 1916; x_wconf 84' lang='lat' dir='ltr'>(peregisse</span> <span class='ocrx_word' id='word_1_185' title='bbox 895 1872 1020 1904; x_wconf 86' lang='lat' dir='ltr'>videor</span> <span class='ocrx_word' id='word_1_186' title='bbox 1045 1872 1134 1913; x_wconf 82' lang='lat' dir='ltr'>ed.):</span> <span class='ocrx_word' id='word_1_187' title='bbox 1176 1873 1258 1913; x_wconf 78' lang='lat' dir='ltr'>pegi</span> <span class='ocrx_word' id='word_1_188' title='bbox 1292 1882 1370 1903; x_wconf 83' lang='lat' dir='ltr'>esse</span> <span class='ocrx_word' id='word_1_189' title='bbox 1401 1872 1560 1903; x_wconf 87' lang='lat' dir='ltr'>futurum</span> <span class='ocrx_word' id='word_1_190' title='bbox 1594 1872 1705 1903; x_wconf 88' lang='lat' dir='ltr'>EGH.</span> <span class='ocrx_word' id='word_1_191' title='bbox 1747 1872 1799 1903; x_wconf 72' lang='lat' dir='ltr'>hic·</span> 
     </span>
     <span class='ocr_line' id='line_1_26' title="bbox 281 1926 1800 1977; baseline -0.007 -8"><span class='ocrx_word' id='word_1_192' title='bbox 281 1937 404 1969; x_wconf 77' lang='lat' dir='ltr'>desinit</span> <span class='ocrx_word' id='word_1_193' title='bbox 440 1935 471 1966; x_wconf 90' lang='lat' dir='ltr'><em>E</em></span> <span class='ocrx_word' id='word_1_194' title='bbox 503 1936 558 1977; x_wconf 76' lang='lat' dir='ltr'>qui</span> <span class='ocrx_word' id='word_1_195' title='bbox 593 1933 713 1964; x_wconf 75' lang='lat' dir='ltr'>transit</span> <span class='ocrx_word' id='word_1_196' title='bbox 757 1931 803 1961; x_wconf 80' lang='lat' dir='ltr'>ad</span> <span class='ocrx_word' id='word_1_197' title='bbox 838 1940 867 1961; x_wconf 83' lang='lat' dir='ltr'>c.</span> <span class='ocrx_word' id='word_1_198' title='bbox 907 1930 964 1965; x_wconf 80' lang='lat'>10,</span> <span class='ocrx_word' id='word_1_199' title='bbox 997 1932 1017 1960; x_wconf 85' lang='lat'><em>2</em></span> <span class='ocrx_word' id='word_1_200' title='bbox 1055 1930 1109 1960; x_wconf 88' lang='lat' dir='ltr'>De</span> <span class='ocrx_word' id='word_1_201' title='bbox 1142 1930 1410 1970; x_wconf 78' lang='lat' dir='ltr'>repugnatoriis</span> <span class='ocrx_word' id='word_1_202' title='bbox 1447 1939 1534 1960; x_wconf 87' lang='lat' dir='ltr'>vero</span> <span class='ocrx_word' id='word_1_203' title='bbox 1562 1952 1596 1959; x_wconf 90' lang='lat'>..</span> <span class='ocrx_word' id='word_1_204' title='bbox 1617 1951 1624 1959; x_wconf 93' lang='lat'>.</span> <span class='ocrx_word' id='word_1_205' title='bbox 1663 1926 1677 1969; x_wconf 94' lang='grc' dir='ltr'>Η</span> <span class='ocrx_word' id='word_1_206' title='bbox 1715 1930 1735 1960; x_wconf 81' lang='lat'><strong>3</strong></span> <span class='ocrx_word' id='word_1_207' title='bbox 1767 1929 1800 1959; x_wconf 80' lang='lat' dir='ltr'>in</span> 
     </span>
     <span class='ocr_line' id='line_1_27' title="bbox 283 1985 1797 2034; baseline -0.007 -9"><span class='ocrx_word' id='word_1_208' title='bbox 283 2004 381 2034; x_wconf 76' lang='lat' dir='ltr'>capp.</span> <span class='ocrx_word' id='word_1_209' title='bbox 406 2003 500 2033; x_wconf 81' lang='lat' dir='ltr'>seqq.</span> <span class='ocrx_word' id='word_1_210' title='bbox 528 1993 569 2022; x_wconf 84' lang='lat'>10</span> <span class='ocrx_word' id='word_1_211' title='bbox 588 1995 619 2021; x_wconf 75' lang='lat' dir='ltr'>el</span> <span class='ocrx_word' id='word_1_212' title='bbox 639 1990 677 2020; x_wconf 90' lang='grc'>11</span> <span class='ocrx_word' id='word_1_213' title='bbox 703 1989 794 2019; x_wconf 78' lang='lat' dir='ltr'>solas</span> <span class='ocrx_word' id='word_1_214' title='bbox 819 1986 955 2017; x_wconf 69' lang='lat' dir='ltr'>eoeln‘lmi</span> <span class='ocrx_word' id='word_1_215' title='bbox 981 1985 1047 2016; x_wconf 91' lang='lat' dir='ltr'>GH</span> <span class='ocrx_word' id='word_1_216' title='bbox 1071 1986 1241 2017; x_wconf 69' lang='lat' dir='ltr'>lectiones.</span> <span class='ocrx_word' id='word_1_217' title='bbox 1274 1990 1418 2017; x_wconf 76' lang='lat' dir='ltr'>celerum</span> <span class='ocrx_word' id='word_1_218' title='bbox 1443 1986 1487 2025; x_wconf 83' lang='lat' dir='ltr'>cf,</span> <span class='ocrx_word' id='word_1_219' title='bbox 1514 1986 1559 2018; x_wconf 87' lang='grc' dir='ltr'>Η,</span> <span class='ocrx_word' id='word_1_220' title='bbox 1587 1985 1720 2026; x_wconf 45' lang='lat' dir='ltr'>Kar-my</span> <span class='ocrx_word' id='word_1_221' title='bbox 1745 1986 1797 2017; x_wconf 83' lang='lat' dir='ltr'>in:</span> 
     </span>
     <span class='ocr_line' id='line_1_28' title="bbox 286 2041 1799 2087; baseline -0.006 -6"><span class='ocrx_word' id='word_1_222' title='bbox 286 2049 418 2081; x_wconf 81' lang='lat' dir='ltr'>Grieclz.</span> <span class='ocrx_word' id='word_1_223' title='bbox 445 2045 809 2087; x_wconf 72' lang='lat' dir='ltr'>Krieyssclzrz&#39;flsteller</span> <span class='ocrx_word' id='word_1_224' title='bbox 835 2047 856 2073; x_wconf 81' lang='lat' dir='ltr'>l.</span> <span class='ocrx_word' id='word_1_225' title='bbox 884 2042 915 2075; x_wconf 92' lang='lat' dir='ltr'>I.</span> <span class='ocrx_word' id='word_1_226' title='bbox 942 2042 1026 2082; x_wconf 77' lang='lat' dir='ltr'>Lpz.</span> <span class='ocrx_word' id='word_1_227' title='bbox 1055 2042 1145 2072; x_wconf 76' lang='lat'><em>1853</em></span> <span class='ocrx_word' id='word_1_228' title='bbox 1166 2052 1202 2082; x_wconf 79' lang='lat' dir='ltr'>p.</span> <span class='ocrx_word' id='word_1_229' title='bbox 1224 2044 1291 2073; x_wconf 74' lang='lat'>356</span> <span class='ocrx_word' id='word_1_230' title='bbox 1307 2051 1380 2083; x_wconf 79' lang='lat' dir='ltr'>sqq.</span> <span class='ocrx_word' id='word_1_231' title='bbox 1407 2047 1439 2072; x_wconf 79' lang='lat' dir='ltr'>et</span> <span class='ocrx_word' id='word_1_232' title='bbox 1465 2042 1501 2073; x_wconf 80' lang='lat' dir='ltr'>F.</span> <span class='ocrx_word' id='word_1_233' title='bbox 1521 2041 1630 2072; x_wconf 81' lang='lat' dir='ltr'>Reher</span> <span class='ocrx_word' id='word_1_234' title='bbox 1655 2042 1687 2072; x_wconf 81' lang='lat' dir='ltr'>in</span> <span class='ocrx_word' id='word_1_235' title='bbox 1713 2052 1799 2072; x_wconf 79' lang='lat' dir='ltr'>vers.</span> 
     </span>
     <span class='ocr_line' id='line_1_29' title="bbox 281 2098 1800 2147; baseline -0.006 -10"><span class='ocrx_word' id='word_1_236' title='bbox 281 2116 385 2147; x_wconf 67' lang='lat' dir='ltr'>gyerm.</span> <span class='ocrx_word' id='word_1_237' title='bbox 417 2104 538 2145; x_wconf 68' lang='lat' dir='ltr'><em>Sczctlgs,</em></span> <span class='ocrx_word' id='word_1_238' title='bbox 573 2103 669 2133; x_wconf 73' lang='lat'>1865.</span> <span class='ocrx_word' id='word_1_239' title='bbox 714 2110 774 2140; x_wconf 67' lang='lat' dir='ltr'>eqo</span> <span class='ocrx_word' id='word_1_240' title='bbox 805 2109 825 2129; x_wconf 81' lang='grc' dir='ltr'>(ι</span> <span class='ocrx_word' id='word_1_241' title='bbox 856 2099 1057 2139; x_wconf 68' lang='grc' dir='ltr'>θυννίῃεηᾱο</span> <span class='ocrx_word' id='word_1_242' title='bbox 1086 2108 1232 2138; x_wconf 75' lang='lat' dir='ltr'>prorsus</span> <span class='ocrx_word' id='word_1_243' title='bbox 1256 2098 1426 2129; x_wconf 74' lang='lat' dir='ltr'>abstinens</span> <span class='ocrx_word' id='word_1_244' title='bbox 1455 2098 1551 2138; x_wconf 61' lang='lat' dir='ltr'>signa</span> <span class='ocrx_word' id='word_1_245' title='bbox 1583 2108 1800 2139; x_wconf 78' lang='lat' dir='ltr'>numerosque</span> 
     </span>
     <span class='ocr_line' id='line_1_30' title="bbox 282 2153 1801 2203; baseline -0.007 -10"><span class='ocrx_word' id='word_1_246' title='bbox 282 2162 381 2203; x_wconf 76' lang='lat' dir='ltr'>posui</span> <span class='ocrx_word' id='word_1_247' title='bbox 405 2170 488 2202; x_wconf 81' lang='lat' dir='ltr'>quae</span> <span class='ocrx_word' id='word_1_248' title='bbox 513 2163 591 2191; x_wconf 73' lang='lat' dir='ltr'>sunt</span> <span class='ocrx_word' id='word_1_249' title='bbox 614 2159 647 2188; x_wconf 82' lang='lat' dir='ltr'>in</span> <span class='ocrx_word' id='word_1_250' title='bbox 664 2156 742 2191; x_wconf 93' lang='lat' dir='ltr'>HG,</span> <span class='ocrx_word' id='word_1_251' title='bbox 769 2156 851 2186; x_wconf 79' lang='lat' dir='ltr'>eieci</span> <span class='ocrx_word' id='word_1_252' title='bbox 874 2159 981 2185; x_wconf 78' lang='lat' dir='ltr'>antem</span> <span class='ocrx_word' id='word_1_253' title='bbox 1002 2158 1130 2194; x_wconf 71' lang='lat' dir='ltr'>puncta</span> <span class='ocrx_word' id='word_1_254' title='bbox 1154 2155 1278 2185; x_wconf 71' lang='lat' dir='ltr'>circulo</span> <span class='ocrx_word' id='word_1_255' title='bbox 1301 2155 1415 2195; x_wconf 76' lang='lat' dir='ltr'>posita</span> <span class='ocrx_word' id='word_1_256' title='bbox 1440 2153 1556 2195; x_wconf 75' lang='lat' dir='ltr'>quibus</span> <span class='ocrx_word' id='word_1_257' title='bbox 1579 2155 1675 2186; x_wconf 75' lang='lat' dir='ltr'>vacui</span> <span class='ocrx_word' id='word_1_258' title='bbox 1698 2164 1801 2185; x_wconf 78' lang='lat' dir='ltr'>eausa</span> 
     </span>
     <span class='ocr_line' id='line_1_31' title="bbox 284 2207 1802 2259; baseline -0.006 -10"><span class='ocrx_word' id='word_1_259' title='bbox 284 2221 489 2259; x_wconf 72' lang='lat' dir='ltr'>separantur</span> <span class='ocrx_word' id='word_1_260' title='bbox 514 2217 648 2247; x_wconf 80' lang='lat' dir='ltr'>numeri.</span> <span class='ocrx_word' id='word_1_261' title='bbox 681 2210 695 2254; x_wconf 96' lang='grc' dir='ltr'>Η</span> <span class='ocrx_word' id='word_1_262' title='bbox 728 2213 747 2243; x_wconf 86' lang='grc'>5</span> <span class='ocrx_word' id='word_1_263' title='bbox 773 2209 983 2242; x_wconf 76' lang='lat' dir='ltr'>summ&amp;riis</span> <span class='ocrx_word' id='word_1_264' title='bbox 1010 2211 1058 2240; x_wconf 87' lang='lat' dir='ltr'>H.</span> <span class='ocrx_word' id='word_1_265' title='bbox 1090 2207 1104 2251; x_wconf 96' lang='grc' dir='ltr'>Η</span> <span class='ocrx_word' id='word_1_266' title='bbox 1134 2213 1283 2251; x_wconf 82' lang='lat' dir='ltr'>possunt</span> <span class='ocrx_word' id='word_1_267' title='bbox 1313 2214 1391 2241; x_wconf 78' lang='lat' dir='ltr'>[mle</span> <span class='ocrx_word' id='word_1_268' title='bbox 1422 2220 1511 2240; x_wconf 81' lang='lat' dir='ltr'>corr.</span> <span class='ocrx_word' id='word_1_269' title='bbox 1546 2210 1592 2242; x_wconf 91' lang='lat' dir='ltr'>H.</span> <span class='ocrx_word' id='word_1_270' title='bbox 1624 2207 1638 2251; x_wconf 95' lang='grc' dir='ltr'>Η</span> <span class='ocrx_word' id='word_1_271' title='bbox 1670 2210 1689 2240; x_wconf 85' lang='grc'><strong>6</strong></span> <span class='ocrx_word' id='word_1_272' title='bbox 1721 2220 1802 2251; x_wconf 88' lang='lat' dir='ltr'>pro-</span> 
     </span>
     <span class='ocr_line' id='line_1_32' title="bbox 285 2265 1799 2316; baseline -0.005 -11"><span class='ocrx_word' id='word_1_273' title='bbox 285 2274 470 2316; x_wconf 86' lang='lat' dir='ltr'>portiones</span> <span class='ocrx_word' id='word_1_274' title='bbox 497 2270 560 2311; x_wconf 79' lang='lat' dir='ltr'>(Le</span> <span class='ocrx_word' id='word_1_275' title='bbox 584 2281 652 2301; x_wconf 70' lang='lat' dir='ltr'>eam</span> <span class='ocrx_word' id='word_1_276' title='bbox 678 2280 693 2300; x_wconf 89' lang='lat' dir='ltr'>s</span> <span class='ocrx_word' id='word_1_277' title='bbox 717 2270 749 2299; x_wconf 80' lang='lat'><em>1⁰71</em></span> <span class='ocrx_word' id='word_1_278' title='bbox 774 2267 880 2307; x_wconf 78' lang='lat' dir='ltr'>ras.):</span> <span class='ocrx_word' id='word_1_279' title='bbox 909 2277 997 2297; x_wconf 87' lang='lat' dir='ltr'>—ne</span> <span class='ocrx_word' id='word_1_280' title='bbox 1024 2267 1102 2299; x_wconf 91' lang='lat' dir='ltr'>HG.</span> <span class='ocrx_word' id='word_1_281' title='bbox 1133 2265 1146 2308; x_wconf 95' lang='grc' dir='ltr'>Η</span> <span class='ocrx_word' id='word_1_282' title='bbox 1178 2266 1446 2297; x_wconf 82' lang='lat' dir='ltr'>ratiocinantur</span> <span class='ocrx_word' id='word_1_283' title='bbox 1462 2266 1575 2297; x_wconf 82' lang='lat' dir='ltr'>Rode:</span> <span class='ocrx_word' id='word_1_284' title='bbox 1601 2267 1799 2297; x_wconf 82' lang='lat' dir='ltr'>ratiocina-</span> 
     </span>
     <span class='ocr_line' id='line_1_33' title="bbox 286 2320 1801 2368; baseline -0.005 -7"><span class='ocrx_word' id='word_1_285' title='bbox 286 2334 402 2361; x_wconf 89' lang='lat' dir='ltr'>torum</span> <span class='ocrx_word' id='word_1_286' title='bbox 428 2328 496 2360; x_wconf 90' lang='lat' dir='ltr'>HG</span> <span class='ocrx_word' id='word_1_287' title='bbox 522 2326 803 2368; x_wconf 82' lang='lat' dir='ltr'>(ratiocinantor</span> <span class='ocrx_word' id='word_1_288' title='bbox 829 2323 924 2362; x_wconf 56' lang='lat'>1502).</span> <span class='ocrx_word' id='word_1_289' title='bbox 955 2320 969 2362; x_wconf 98' lang='grc' dir='ltr'>Η</span> <span class='ocrx_word' id='word_1_290' title='bbox 1003 2333 1020 2353; x_wconf 86' lang='lat' dir='ltr'>e</span> <span class='ocrx_word' id='word_1_291' title='bbox 1049 2320 1120 2362; x_wconf 82' lang='lat' dir='ltr'>(ex)</span> <span class='ocrx_word' id='word_1_292' title='bbox 1148 2323 1241 2355; x_wconf 80' lang='lat' dir='ltr'>Joc.:</span> <span class='ocrx_word' id='word_1_293' title='bbox 1268 2321 1297 2353; x_wconf 69' lang='grc' dir='ltr'>δι</span> <span class='ocrx_word' id='word_1_294' title='bbox 1323 2321 1375 2362; x_wconf 85' lang='lat' dir='ltr'>(et</span> <span class='ocrx_word' id='word_1_295' title='bbox 1402 2320 1441 2361; x_wconf 93' lang='lat' dir='ltr'>G)</span> <span class='ocrx_word' id='word_1_296' title='bbox 1469 2322 1547 2356; x_wconf 88' lang='lat' dir='ltr'>HG.</span> <span class='ocrx_word' id='word_1_297' title='bbox 1581 2320 1594 2363; x_wconf 95' lang='grc' dir='ltr'>Η</span> <span class='ocrx_word' id='word_1_298' title='bbox 1627 2322 1647 2353; x_wconf 84' lang='grc'>8</span> <span class='ocrx_word' id='word_1_299' title='bbox 1672 2321 1726 2353; x_wconf 85' lang='lat' dir='ltr'>fit:</span> <span class='ocrx_word' id='word_1_300' title='bbox 1753 2323 1801 2353; x_wconf 81' lang='lat' dir='ltr'>sic·</span> 
     </span>
     <span class='ocr_line' id='line_1_34' title="bbox 286 2375 1800 2428; baseline -0.007 -11"><span class='ocrx_word' id='word_1_301' title='bbox 286 2386 363 2417; x_wconf 90' lang='lat' dir='ltr'>HG.</span> <span class='ocrx_word' id='word_1_302' title='bbox 390 2383 406 2428; x_wconf 94' lang='grc' dir='ltr'>Η</span> <span class='ocrx_word' id='word_1_303' title='bbox 428 2383 643 2416; x_wconf 82' lang='lat' dir='ltr'>foraminum</span> <span class='ocrx_word' id='word_1_304' title='bbox 667 2382 757 2412; x_wconf 58' lang='lat' dir='ltr'>doe:</span> <span class='ocrx_word' id='word_1_305' title='bbox 785 2380 885 2410; x_wconf 82' lang='lat' dir='ltr'>——nis</span> <span class='ocrx_word' id='word_1_306' title='bbox 911 2379 988 2412; x_wconf 87' lang='lat' dir='ltr'>HG.</span> <span class='ocrx_word' id='word_1_307' title='bbox 1017 2376 1031 2420; x_wconf 93' lang='grc' dir='ltr'>Η</span> <span class='ocrx_word' id='word_1_308' title='bbox 1064 2380 1083 2410; x_wconf 88' lang='grc'>9</span> <span class='ocrx_word' id='word_1_309' title='bbox 1109 2389 1172 2419; x_wconf 86' lang='lat' dir='ltr'>per</span> <span class='ocrx_word' id='word_1_310' title='bbox 1191 2388 1282 2419; x_wconf 85' lang='lat' dir='ltr'>quae</span> <span class='ocrx_word' id='word_1_311' title='bbox 1309 2379 1382 2410; x_wconf 57' lang='grc' dir='ltr'>θῶς</span> <span class='ocrx_word' id='word_1_312' title='bbox 1408 2388 1430 2418; x_wconf 77' lang='lat' dir='ltr'>p</span> <span class='ocrx_word' id='word_1_313' title='bbox 1450 2387 1539 2418; x_wconf 84' lang='lat' dir='ltr'>quas</span> <span class='ocrx_word' id='word_1_314' title='bbox 1559 2378 1637 2410; x_wconf 85' lang='lat' dir='ltr'>HG.</span> <span class='ocrx_word' id='word_1_315' title='bbox 1669 2375 1684 2419; x_wconf 89' lang='grc' dir='ltr'>Η</span> <span class='ocrx_word' id='word_1_316' title='bbox 1717 2388 1800 2409; x_wconf 89' lang='lat' dir='ltr'>con-</span> 
     </span>
     <span class='ocr_line' id='line_1_35' title="bbox 286 2432 1800 2482; baseline -0.006 -9"><span class='ocrx_word' id='word_1_317' title='bbox 286 2443 404 2473; x_wconf 85' lang='lat' dir='ltr'>tinere</span> <span class='ocrx_word' id='word_1_318' title='bbox 431 2441 513 2482; x_wconf 74' lang='lat' dir='ltr'>ipsfi</span> <span class='ocrx_word' id='word_1_319' title='bbox 541 2437 563 2481; x_wconf 89' lang='lat'>(.</span> <span class='ocrx_word' id='word_1_320' title='bbox 583 2436 717 2479; x_wconf 64' lang='lat' dir='ltr'>lipsum</span> <span class='ocrx_word' id='word_1_321' title='bbox 739 2436 779 2476; x_wconf 87' lang='lat' dir='ltr'>G)</span> <span class='ocrx_word' id='word_1_322' title='bbox 807 2439 929 2467; x_wconf 84' lang='lat' dir='ltr'>tamen</span> <span class='ocrx_word' id='word_1_323' title='bbox 948 2435 1082 2466; x_wconf 84' lang='lat' dir='ltr'>debent</span> <span class='ocrx_word' id='word_1_324' title='bbox 1101 2445 1221 2466; x_wconf 90' lang='lat' dir='ltr'>eorum</span> <span class='ocrx_word' id='word_1_325' title='bbox 1242 2432 1341 2472; x_wconf 73' lang='lat' dir='ltr'>(-rs1</span> <span class='ocrx_word' id='word_1_326' title='bbox 1368 2435 1425 2474; x_wconf 91' lang='lat' dir='ltr'>H)</span> <span class='ocrx_word' id='word_1_327' title='bbox 1452 2434 1665 2465; x_wconf 86' lang='lat' dir='ltr'>foraminum</span> <span class='ocrx_word' id='word_1_328' title='bbox 1692 2432 1800 2474; x_wconf 72' lang='lat' dir='ltr'>(—nfi</span> 
     </span>
     <span class='ocr_line' id='line_1_36' title="bbox 288 2488 1800 2539; baseline -0.006 -10"><span class='ocrx_word' id='word_1_329' title='bbox 288 2499 343 2539; x_wconf 87' lang='lat' dir='ltr'>Il)</span> <span class='ocrx_word' id='word_1_330' title='bbox 377 2496 529 2538; x_wconf 84' lang='lat' dir='ltr'>capituli</span> <span class='ocrx_word' id='word_1_331' title='bbox 553 2494 775 2526; x_wconf 84' lang='lat' dir='ltr'>deformatur</span> <span class='ocrx_word' id='word_1_332' title='bbox 801 2503 833 2525; x_wconf 80' lang='lat' dir='ltr'>a.</span> <span class='ocrx_word' id='word_1_333' title='bbox 860 2492 926 2523; x_wconf 89' lang='lat' dir='ltr'>llG</span> <span class='ocrx_word' id='word_1_334' title='bbox 958 2490 1062 2530; x_wconf 81' lang='lat' dir='ltr'>(corr.</span> <span class='ocrx_word' id='word_1_335' title='bbox 1091 2488 1185 2530; x_wconf 53' lang='lat' dir='ltr'>Kbss).</span> <span class='ocrx_word' id='word_1_336' title='bbox 1208 2488 1222 2532; x_wconf 93' lang='grc' dir='ltr'>Η</span> <span class='ocrx_word' id='word_1_337' title='bbox 1254 2492 1289 2520; x_wconf 95' lang='grc'>11</span> <span class='ocrx_word' id='word_1_338' title='bbox 1318 2490 1469 2531; x_wconf 87' lang='lat' dir='ltr'>capituli</span> <span class='ocrx_word' id='word_1_339' title='bbox 1487 2500 1618 2530; x_wconf 82' lang='lat' dir='ltr'>operae</span> <span class='ocrx_word' id='word_1_340' title='bbox 1646 2489 1742 2528; x_wconf 89' lang='lat' dir='ltr'>(—re</span> <span class='ocrx_word' id='word_1_341' title='bbox 1759 2488 1800 2529; x_wconf 89' lang='lat' dir='ltr'>G)</span> 
     </span>
     <span class='ocr_line' id='line_1_37' title="bbox 288 2546 1803 2594; baseline -0.006 -10"><span class='ocrx_word' id='word_1_342' title='bbox 288 2553 391 2594; x_wconf 80' lang='lat' dir='ltr'>reliq3</span> <span class='ocrx_word' id='word_1_343' title='bbox 419 2552 547 2594; x_wconf 67' lang='lat' dir='ltr'>(‘—(l¹²‘}</span> <span class='ocrx_word' id='word_1_344' title='bbox 576 2550 615 2591; x_wconf 94' lang='lat' dir='ltr'>G)</span> <span class='ocrx_word' id='word_1_345' title='bbox 642 2549 720 2581; x_wconf 86' lang='lat' dir='ltr'>HG.</span> <span class='ocrx_word' id='word_1_346' title='bbox 748 2548 812 2587; x_wconf 76' lang='lat' dir='ltr'>(vir</span> <span class='ocrx_word' id='word_1_347' title='bbox 838 2549 954 2579; x_wconf 68' lang='lat' dir='ltr'>dovlzts</span> <span class='ocrx_word' id='word_1_348' title='bbox 972 2564 1014 2569; x_wconf 90' lang='lat'>—</span> <span class='ocrx_word' id='word_1_349' title='bbox 1031 2558 1076 2579; x_wconf 82' lang='lat' dir='ltr'>sc.</span> <span class='ocrx_word' id='word_1_350' title='bbox 1110 2546 1248 2577; x_wconf 75' lang='lat' dir='ltr'>Vossius</span> <span class='ocrx_word' id='word_1_351' title='bbox 1266 2563 1309 2567; x_wconf 90' lang='lat'>—</span> <span class='ocrx_word' id='word_1_352' title='bbox 1326 2549 1357 2576; x_wconf 76' lang='lat'>1&#39;71</span> <span class='ocrx_word' id='word_1_353' title='bbox 1390 2556 1493 2587; x_wconf 66' lang='lat' dir='ltr'>mary.</span> <span class='ocrx_word' id='word_1_354' title='bbox 1525 2547 1599 2578; x_wconf 74' lang='lat' dir='ltr'>cod.</span> <span class='ocrx_word' id='word_1_355' title='bbox 1632 2548 1642 2577; x_wconf 86' lang='lat' dir='ltr'><em>l</em></span> <span class='ocrx_word' id='word_1_356' title='bbox 1664 2546 1803 2586; x_wconf 79' lang='lat' dir='ltr'>scripsit</span> 
     </span>
     <span class='ocr_line' id='line_1_38' title="bbox 288 2600 1807 2648; baseline -0.006 -9"><span class='ocrx_word' id='word_1_357' title='bbox 288 2609 369 2640; x_wconf 72' lang='lat' dir='ltr'>Ilaec</span> <span class='ocrx_word' id='word_1_358' title='bbox 409 2607 464 2647; x_wconf 86' lang='lat' dir='ltr'>,‚l.</span> <span class='ocrx_word' id='word_1_359' title='bbox 498 2606 649 2648; x_wconf 89' lang='lat' dir='ltr'>capituli</span> <span class='ocrx_word' id='word_1_360' title='bbox 686 2603 970 2646; x_wconf 66' lang='lat' dir='ltr'>pe1·itretique.“</span> <span class='ocrx_word' id='word_1_361' title='bbox 1008 2603 1052 2643; x_wconf 63' lang='grc' dir='ltr'>(Τ.</span> <span class='ocrx_word' id='word_1_362' title='bbox 1085 2600 1199 2642; x_wconf 76' lang='lat' dir='ltr'>Schn.)</span> <span class='ocrx_word' id='word_1_363' title='bbox 1233 2600 1247 2643; x_wconf 93' lang='grc' dir='ltr'>Η</span> <span class='ocrx_word' id='word_1_364' title='bbox 1287 2603 1326 2632; x_wconf 78' lang='grc'>1-2</span> <span class='ocrx_word' id='word_1_365' title='bbox 1358 2601 1552 2633; x_wconf 85' lang='lat' dir='ltr'>latitudine</span> <span class='ocrx_word' id='word_1_366' title='bbox 1592 2601 1634 2632; x_wconf 88' lang='lat' dir='ltr'>G:</span> <span class='ocrx_word' id='word_1_367' title='bbox 1672 2612 1732 2632; x_wconf 85' lang='lat' dir='ltr'>om.</span> <span class='ocrx_word' id='word_1_368' title='bbox 1765 2601 1807 2630; x_wconf 85' lang='lat' dir='ltr'>II</span> 
     </span>
     <span class='ocr_line' id='line_1_39' title="bbox 289 2655 1802 2705; baseline -0.007 -9"><span class='ocrx_word' id='word_1_369' title='bbox 289 2664 379 2705; x_wconf 80' lang='lat' dir='ltr'>(ilem</span> <span class='ocrx_word' id='word_1_370' title='bbox 406 2664 492 2703; x_wconf 85' lang='lat' dir='ltr'>Llc).</span> <span class='ocrx_word' id='word_1_371' title='bbox 526 2661 539 2705; x_wconf 94' lang='grc' dir='ltr'>Η</span> <span class='ocrx_word' id='word_1_372' title='bbox 574 2665 614 2695; x_wconf 86' lang='grc'>13</span> <span class='ocrx_word' id='word_1_373' title='bbox 640 2660 878 2693; x_wconf 82' lang='lat' dir='ltr'>foraminibus</span> <span class='ocrx_word' id='word_1_374' title='bbox 904 2660 980 2691; x_wconf 88' lang='lat' dir='ltr'>HG.</span> <span class='ocrx_word' id='word_1_375' title='bbox 1013 2656 1027 2700; x_wconf 96' lang='grc' dir='ltr'>Η</span> <span class='ocrx_word' id='word_1_376' title='bbox 1061 2657 1089 2689; x_wconf 82' lang='lat'>&amp;</span> <span class='ocrx_word' id='word_1_377' title='bbox 1116 2656 1168 2689; x_wconf 81' lang='lat' dir='ltr'>eiq</span> <span class='ocrx_word' id='word_1_378' title='bbox 1198 2658 1425 2699; x_wconf 76' lang='lat' dir='ltr'>parastatice</span> <span class='ocrx_word' id='word_1_379' title='bbox 1451 2658 1502 2696; x_wconf 86' lang='lat' dir='ltr'>H,</span> <span class='ocrx_word' id='word_1_380' title='bbox 1531 2655 1672 2698; x_wconf 61' lang='lat' dir='ltr'>etleius</span> <span class='ocrx_word' id='word_1_381' title='bbox 1696 2666 1802 2697; x_wconf 86' lang='lat' dir='ltr'>para-</span> 
     </span>
     <span class='ocr_line' id='line_1_40' title="bbox 289 2712 1801 2759; baseline -0.006 -8"><span class='ocrx_word' id='word_1_382' title='bbox 289 2721 379 2751; x_wconf 83' lang='lat' dir='ltr'>stice</span> <span class='ocrx_word' id='word_1_383' title='bbox 408 2720 434 2751; x_wconf 91' lang='lat' dir='ltr'>G</span> <span class='ocrx_word' id='word_1_384' title='bbox 460 2718 536 2759; x_wconf 77' lang='lat' dir='ltr'>(sed</span> <span class='ocrx_word' id='word_1_385' title='bbox 559 2720 592 2749; x_wconf 79' lang='lat' dir='ltr'>in</span> <span class='ocrx_word' id='word_1_386' title='bbox 616 2727 718 2759; x_wconf 67' lang='lat' dir='ltr'>marg).</span> <span class='ocrx_word' id='word_1_387' title='bbox 747 2716 791 2748; x_wconf 75' lang='lat' dir='ltr'>Ge</span> <span class='ocrx_word' id='word_1_388' title='bbox 815 2716 829 2746; x_wconf 83' lang='grc' dir='ltr'>ἶ</span> <span class='ocrx_word' id='word_1_389' title='bbox 856 2715 894 2746; x_wconf 75' lang='lat' dir='ltr'>at</span> <span class='ocrx_word' id='word_1_390' title='bbox 919 2714 1173 2756; x_wconf 52' lang='lat' dir='ltr'>parastatica).</span> <span class='ocrx_word' id='word_1_391' title='bbox 1203 2712 1217 2755; x_wconf 94' lang='grc' dir='ltr'>Η</span> <span class='ocrx_word' id='word_1_392' title='bbox 1251 2715 1290 2745; x_wconf 84' lang='lat'>15</span> <span class='ocrx_word' id='word_1_393' title='bbox 1310 2714 1525 2745; x_wconf 87' lang='lat' dir='ltr'>foraminum</span> <span class='ocrx_word' id='word_1_394' title='bbox 1552 2713 1699 2753; x_wconf 81' lang='lat' dir='ltr'>quinum</span> <span class='ocrx_word' id='word_1_395' title='bbox 1726 2722 1801 2743; x_wconf 82' lang='lat' dir='ltr'>car-</span> 
     </span>
     <span class='ocr_line' id='line_1_41' title="bbox 290 2769 1803 2812; baseline -0.005 -7"><span class='ocrx_word' id='word_1_396' title='bbox 290 2776 382 2806; x_wconf 81' lang='lat' dir='ltr'>dinis</span> <span class='ocrx_word' id='word_1_397' title='bbox 408 2775 597 2806; x_wconf 81' lang='lat' dir='ltr'>foraminis</span> <span class='ocrx_word' id='word_1_398' title='bbox 629 2772 778 2805; x_wconf 83' lang='lat' dir='ltr'>dimidia</span> <span class='ocrx_word' id='word_1_399' title='bbox 810 2771 1039 2812; x_wconf 79' lang='lat' dir='ltr'>parastatica</span> <span class='ocrx_word' id='word_1_400' title='bbox 1071 2770 1115 2801; x_wconf 85' lang='lat' dir='ltr'>ad</span> <span class='ocrx_word' id='word_1_401' title='bbox 1147 2771 1172 2804; x_wconf 84' lang='lat' dir='ltr'>f.</span> <span class='ocrx_word' id='word_1_402' title='bbox 1204 2770 1272 2801; x_wconf 91' lang='lat' dir='ltr'>HG</span> <span class='ocrx_word' id='word_1_403' title='bbox 1303 2769 1464 2809; x_wconf 83' lang='lat' dir='ltr'>(quinum</span> <span class='ocrx_word' id='word_1_404' title='bbox 1576 2779 1622 2799; x_wconf 80' lang='lat' dir='ltr'>sc.</span> <span class='ocrx_word' id='word_1_405' title='bbox 1651 2778 1695 2798; x_wconf 82' lang='lat' dir='ltr'>ex</span> <span class='ocrx_word' id='word_1_406' title='bbox 1721 2770 1803 2799; x_wconf 87' lang='lat' dir='ltr'>octo</span> 
     </span>
    </p>
   </div>
   <div class='ocr_carea' id='block_1_11' title="bbox 292 2825 1799 2882">
    <p class='ocr_par' dir='ltr' id='par_1_12' title="bbox 292 2825 1799 2882">
     <span class='ocr_line' id='line_1_42' title="bbox 292 2825 1799 2882; baseline -0.004 -10"><span class='ocrx_word' id='word_1_407' title='bbox 292 2842 454 2882; x_wconf 81' lang='lat' dir='ltr'>partibus</span> <span class='ocrx_word' id='word_1_408' title='bbox 472 2842 591 2880; x_wconf 55' lang='lat' dir='ltr'>Maru).</span> <span class='ocrx_word' id='word_1_409' title='bbox 609 2839 623 2882; x_wconf 97' lang='grc' dir='ltr'>Η</span> <span class='ocrx_word' id='word_1_410' title='bbox 642 2841 681 2871; x_wconf 80' lang='grc'><em>16</em></span> <span class='ocrx_word' id='word_1_411' title='bbox 700 2844 731 2870; x_wconf 77' lang='lat' dir='ltr'>et</span> <span class='ocrx_word' id='word_1_412' title='bbox 752 2840 790 2870; x_wconf 86' lang='lat'>17</span> <span class='ocrx_word' id='word_1_413' title='bbox 810 2825 1082 2871; x_wconf 59' lang='lat' dir='ltr'>foi-aininnis.s&lt;3.</span> <span class='ocrx_word' id='word_1_414' title='bbox 1111 2838 1177 2869; x_wconf 90' lang='lat' dir='ltr'>HG</span> <span class='ocrx_word' id='word_1_415' title='bbox 1204 2825 1289 2877; x_wconf 56' lang='lat' dir='ltr'>(Sff.</span> <span class='ocrx_word' id='word_1_416' title='bbox 1319 2835 1371 2877; x_wconf 87' lang='lat' dir='ltr'>G).</span> <span class='ocrx_word' id='word_1_417' title='bbox 1401 2834 1416 2878; x_wconf 92' lang='grc' dir='ltr'>Η</span> <span class='ocrx_word' id='word_1_418' title='bbox 1448 2837 1487 2868; x_wconf 90' lang='grc'><em>18</em></span> <span class='ocrx_word' id='word_1_419' title='bbox 1513 2835 1652 2866; x_wconf 83' lang='lat' dir='ltr'>medius</span> <span class='ocrx_word' id='word_1_420' title='bbox 1678 2834 1753 2866; x_wconf 88' lang='lat' dir='ltr'>HG.</span> <span class='ocrx_word' id='word_1_421' title='bbox 1785 2836 1799 2876; x_wconf 86' lang='grc' dir='ltr'>Η</span> 
     </span>
    </p>
   </div>
   <div class='ocr_carea' id='block_1_12' title="bbox 293 2897 1192 2949">
    <p class='ocr_par' dir='ltr' id='par_1_13' title="bbox 293 2897 1192 2949">
     <span class='ocr_line' id='line_1_43' title="bbox 293 2897 1192 2949; baseline -0.004 -9"><span class='ocrx_word' id='word_1_422' title='bbox 293 2897 397 2940; x_wconf 43' lang='grc' dir='ltr'>,ῨΚΛ</span> <span class='ocrx_word' id='word_1_423' title='bbox 424 2912 472 2939; x_wconf 67' lang='lat' dir='ltr'>sie</span> <span class='ocrx_word' id='word_1_424' title='bbox 499 2909 575 2939; x_wconf 87' lang='lat' dir='ltr'>llG.</span> <span class='ocrx_word' id='word_1_425' title='bbox 607 2905 622 2949; x_wconf 93' lang='grc' dir='ltr'>Η</span> <span class='ocrx_word' id='word_1_426' title='bbox 654 2909 693 2939; x_wconf 76' lang='grc'><em>21</em></span> <span class='ocrx_word' id='word_1_427' title='bbox 720 2906 851 2938; x_wconf 84' lang='lat' dir='ltr'>lamnis</span> <span class='ocrx_word' id='word_1_428' title='bbox 876 2906 921 2942; x_wconf 85' lang='lat' dir='ltr'>ll,</span> <span class='ocrx_word' id='word_1_429' title='bbox 949 2904 1128 2937; x_wconf 83' lang='lat' dir='ltr'>lamminis</span> <span class='ocrx_word' id='word_1_430' title='bbox 1155 2906 1192 2937; x_wconf 89' lang='lat' dir='ltr'>G.</span> 
     </span>
    </p>
   </div>
   <div class='ocr_carea' id='block_1_13' title="bbox 1815 874 1834 904">
    <p class='ocr_par' dir='ltr' id='par_1_14' title="bbox 1815 874 1834 904">
     <span class='ocr_line' id='line_1_44' title="bbox 1815 874 1834 904; textangle 90"><span class='ocrx_word' id='word_1_431' title='bbox 1815 874 1834 904; x_wconf 68' lang='lat' dir='ltr'>N&gt;</span> 
     </span>
    </p>
   </div>
  </div>
 </body>
</html>
