1909 3322
231 210 309 251 164
881 213 1089 244 VITRUVH

226 336 319 362 rum
350 318 602 374 compositio
634 315 805 372 planam
835 315 993 356 habeat
1022 315 1134 355 inter
1166 328 1210 355 se
1241 313 1536 353 directionem.
1596 311 1632 351 si
1662 316 1745 352 tes-

227 389 333 429 seris
366 391 575 427 structum
608 384 709 437 erit,
741 389 789 424 ut
819 397 893 424 eae
925 396 1070 424 omnes
1101 379 1282 436 angulos
1313 379 1500 420 habeant
1530 377 1745 434 aequales.

228 470 324 496 cum
370 454 483 494 enim
521 451 670 507 anguli
707 465 792 492 non
828 450 990 491 fuerint
1027 463 1173 490 omnes
1211 446 1449 503 aequaliter
1478 445 1594 502 plani
1606 478 1617 499 7
1661 460 1747 486 non

229 524 308 563 erit
346 526 498 562 exacta
538 526 586 561 ut
624 524 790 575 oportet
830 518 1050 559 fricatura.
1119 517 1222 556 item
1260 520 1448 554 testacea
1479 514 1645 569 spicata
1674 512 1746 553 Ti-

183 599 202 629 5
227 589 402 630 burtina
432 594 531 629 sunt
561 576 793 642 diligenter
823 584 1050 640 exigenda,
1082 589 1129 624 ut
1158 597 1212 623 nc
1242 581 1428 623 habeant
1458 580 1632 621 lacunas
1670 594 1750 620 nec

228 663 426 698 extantes
454 654 656 708 tumulos,
689 654 764 695 sed
794 654 880 694 sint
912 657 1086 693 extenta
1117 657 1157 691 et
1195 649 1250 690 ad
1281 648 1473 703 regulam
1504 647 1750 704 perfricata.

230 740 385 781 super7
425 723 632 764 fricatura
669 720 1004 776 levigationibus
1044 724 1085 759 et
1124 717 1323 774 polituris
1363 730 1458 757 cum
1495 714 1627 756 fuerit
1656 728 1750 771 per-

199 810 204 814 *
230 793 357 845 fecta,
390 792 637 832 incernatur
666 803 866 842 marmor,
899 793 940 828 et
971 801 1100 843 supra
1130 775 1286 827 loricae
1309 799 1363 825 ex
1385 783 1499 824 calce
1522 789 1562 824 et
1592 782 1753 823 harena

231 861 502 902 inducantur.
1705 906 1714 909 ν

166 937 207 967 10
346 927 435 970 Sub
474 926 548 967 diu
586 940 687 966 vero
717 924 906 964 maxime
938 922 1092 964 idonea
1122 920 1327 963 faciunda
1358 925 1457 961 sunt
1486 918 1750 975 pavimenta,

232 995 345 1052 quod
368 994 711 1048 contignationes
733 1005 882 1032 umore
903 996 1143 1032 crescentes
1174 994 1248 1030 aut
1279 989 1473 1029 siccitate
1505 986 1752 1026 decrescen—

229 1071 294 1105 tes
336 1078 411 1104 seu
441 1060 776 1118 pandationibus
808 1058 998 1099 sidentes
1028 1056 1242 1098 movendo
1273 1070 1318 1096 se
1347 1056 1512 1096 faciunt
1542 1054 1650 1094 vitia
1680 1066 1752 1109 pa—

231 1130 435 1172 vimentis
456 1161 466 1181 7
507 1134 730 1185 praeterea
769 1125 972 1181 gelicidia
1003 1132 1044 1166 et
1074 1126 1252 1182 pruinae
1282 1139 1366 1165 nou
1396 1123 1618 1180 patiuntur
1645 1121 1752 1161 inte-

231 1214 308 1254 gra
357 1210 621 1254 permanere.
694 1196 840 1250 itaque
886 1194 922 1234 si
971 1194 1206 1233 necessitas
1254 1192 1455 1247 coegerit,
1502 1196 1549 1231 ut
1577 1189 1754 1230 minime

166 1274 206 1304 15
233 1267 389 1307 vitiosa
409 1264 514 1305 fiant
545 1265 605 1304 sic
639 1263 719 1303 erit
749 1261 1013 1303 faciundum.
1075 1275 1170 1301 cum
1202 1266 1429 1302 coaxatum
1449 1258 1594 1310 fuerit,
1628 1270 1754 1311 super

232 1333 366 1374 altera
405 1332 602 1373 coaxatio
639 1337 887 1371 transversa
925 1334 1143 1370 sternatur
1173 1327 1393 1383 clavisque
1421 1326 1509 1366 fixa
1540 1323 1754 1380 duplicem

234 1401 439 1457 praebeat
465 1398 776 1453 contignationi
803 1396 1112 1437 loricationem.
1163 1394 1320 1436 deinde
1349 1393 1497 1435 ruderi
1527 1407 1639 1434 novo
1669 1397 1753 1432 ter-

233 1469 296 1509 tia
333 1482 432 1523 pars
464 1473 600 1507 testae
631 1472 781 1507 tunsae
811 1464 1102 1505 admisceatur
1134 1462 1350 1517 calcisque
1382 1461 1493 1502 duae
1524 1465 1667 1516 partes
1698 1457 1753 1498 ad

236 1537 424 1591 quinque
462 1533 655 1575 mortarii
685 1531 969 1573 mixtionibus
1000 1536 1221 1587 praestent
1250 1543 1514 1585 responsum.
1562 1527 1754 1568 statumi-

168 1612 210 1641 ‘30
236 1604 409 1643 natione
449 1601 583 1654 faeta,
621 1599 754 1641 rudus
786 1599 1037 1651 inducatur,
1077 1598 1206 1653 idque
1237 1597 1397 1654 pistum
1427 1594 1671 1637 absolutum
1702 1608 1755 1634 ne

236 1672 377 1711 minus
416 1669 527 1725 pede
565 1668 621 1708 sit
661 1682 864 1708 crassum.
930 1672 1033 1706 tunc
1069 1672 1212 1706 autem
1251 1663 1402 1706 nucleo
1440 1663 1616 1704 inducto
1635 1695 1646 1716 7
1693 1661 1756 1702 uti

236 1753 367 1794 supra
411 1737 617 1792 scriptum
663 1741 755 1789 est,
802 1734 1097 1791 pavimentum
1136 1748 1157 1773 e
1194 1739 1357 1774 tessera
1394 1731 1548 1786 grandi
1587 1730 1758 1770 circiter

236 1805 387 1846 binum
409 1804 594 1858 digitum
625 1817 749 1843 caesa
780 1808 969 1843 struatur
999 1801 1221 1856 fastigium
1251 1799 1415 1840 habens
1445 1799 1491 1840 in
1520 1797 1653 1854 pedes
1686 1796 1757 1837 de-

239 1888 315 1913 nos
349 1872 509 1926 digitos
541 1870 688 1924 binos,
722 1870 835 1926 quod
867 1871 902 1910 si
934 1869 1043 1910 bene
1074 1867 1385 1924 temperabitur
1415 1872 1456 1907 ct
1487 1872 1602 1906 recte
1631 1865 1757 1905 frica-

175 1949 216 1979 2.)
243 1946 332 1980 tum
374 1939 525 1991 fucrit7
565 1937 619 1978 ab
657 1938 855 1978 omnibus
895 1938 1014 1977 vitiis
1054 1937 1134 1977 erit
1163 1942 1318 1976 tutum.
1378 1935 1442 1975 uti
1472 1939 1617 1974 autem
1647 1933 1759 1973 inter

242 2012 495 2060 coagmenta
532 2005 731 2044 materies
769 2004 823 2044 ab
861 2003 1076 2057 gelicidiis
1114 2018 1168 2043 ne
1199 2002 1383 2056 laboret,
1417 2001 1605 2042 fracibus
1638 2006 1757 2056 quot-

242 2074 364 2114 annis
387 2078 486 2112 ante
516 2071 700 2112 hiemem
729 2076 956 2112 saturetur.
1006 2071 1066 2111 ita
1086 2086 1171 2111 non
1201 2071 1387 2126 patietur
1417 2071 1461 2110 in
1493 2083 1538 2109 se
1569 2069 1759 2124 recipere

336 2169 351 2195 1
379 2165 492 2203 (litde-
512 2164 769 2203 Il)rectionem
796 2164 879 2194 Geli
906 2162 961 2203 (L,
981 2162 1209 2204 directionib3
1235 2167 1311 2194 ante
1337 2173 1426 2194 corr.
1456 2161 1492 2198 G,
1518 2159 1758 2192 delectionem

245 2224 264 2257 l,
292 2220 577 2251 delectationem
602 2220 667 2259 ch).
697 2217 711 2261 Η
743 2221 762 2250 ‘2
789 2230 853 2250 eae
884 2220 916 2249 H
943 2217 1038 2260 (G⁶):
1071 2219 1116 2260 he
1144 2218 1220 2258 (sed
1242 2229 1346 2259 supra
1371 2229 1461 2251 corr.
1488 2216 1504 2247 Ϊ
1530 2216 1587 2259 ee)
1616 2216 1642 2247 G
1673 2215 1757 2257 (hae

243 2280 292 2309 si<-
326 2278 371 2314 L,
398 2276 442 2317 he
468 2276 523 2316 Ic).
556 2274 571 2318 Η
603 2278 622 2306 3
647 2275 749 2316 plani
771 2276 864 2306 doe:
899 2274 999 2316 pleni
1027 2275 1103 2306 GH.
1132 2272 1147 2316 Η
1178 2276 1199 2306 4
1222 2277 1393 2306 testacea
1426 2274 1492 2305 GH
1524 2271 1587 2314 (elz,
1613 2272 1713 2304 *tia
1737 2273 1758 2307 l,

245 2335 306 2364 secl
329 2334 426 2363 testa
454 2333 643 2373 cespicata
667 2330 726 2371 L).
749 2328 767 2372 Η
789 2331 807 2362 5
833 2333 872 2361 ut
896 2341 940 2362 ne
969 2331 1038 2362 GH
1060 2331 1126 2371 (LI,
1153 2333 1193 2361 ut
1217 2341 1288 2361 non
1313 2331 1379 2370 elz).
1402 2327 1417 2371 Η
1440 2330 1459 2360 6
1485 2328 1656 2360 tumultos
1682 2333 1759 2359 ante

246 2400 336 2421 corr.
367 2389 403 2421 G.
437 2385 452 2429 Η
484 2388 559 2418 sint
582 2387 662 2418 add.
688 2386 761 2417 doc.
795 2384 810 2428 Η
842 2388 860 2418 7
888 2396 1005 2427 super,
1031 2386 1211 2417 fricatura
1319 2385 1430 2417 fuerit
1454 2396 1532 2426 eyo:
1565 2394 1672 2426 super
1697 2384 1759 2415 fri-

248 2448 412 2476 caturam
529 2442 664 2473 fuerint
691 2441 767 2475 GH.
800 2439 814 2483 Η
847 2444 866 2474 8
893 2452 935 2473 ex
962 2441 1073 2474 calice
1103 2447 1180 2473 ante
1211 2452 1280 2473 ras.
1309 2441 1347 2474 G.
1382 2438 1397 2482 [Ι
1431 2442 1471 2472 10
1503 2441 1567 2472 sub
1599 2440 1659 2471 diu
1694 2440 1760 2471 GH

248 2500 304 2542 (L,
334 2500 400 2531 sub
427 2499 509 2530 divo
535 2497 589 2538 le).
614 2495 628 2538 Η
651 2496 843 2528 faciunda:
868 2499 916 2529 sie
943 2498 1019 2531 GH.
1042 2495 1057 2540 Η
1082 2499 1121 2528 12
1147 2497 1309 2529 sidentes
1332 2497 1425 2529 Joe.:
1454 2496 1623 2528 sedentes
1644 2496 1719 2527 GH.
1742 2493 1756 2535 Η

252 2558 291 2588 15
317 2554 547 2587 faciundum:
579 2554 627 2585 sic
660 2553 736 2583 GH.
769 2550 784 2594 Η
818 2554 857 2583 16
883 2556 1091 2584 sternantur
1121 2558 1197 2584 ante
1229 2563 1319 2584 corr.
1356 2553 1393 2583 G.
1426 2549 1441 2595 Η
1474 2554 1516 2584 20
1546 2552 1652 2583 rudes
1682 2556 1759 2582 ante

249 2623 339 2646 porr.
368 2612 405 2643 G.
438 2608 452 2653 Η
484 2611 615 2651 pistum
644 2608 725 2640 GH:
763 2609 903 2649 pinsum
928 2611 1000 2641 ἆορ.
1028 2608 1231 2651 (utsupra).
1263 2607 1279 2651 Η
1310 2610 1349 2640 21
1384 2619 1549 2650 grassum
1583 2609 1619 2639 H
1643 2604 1714 2648 (L).
1743 2605 1757 2646 {1

250 2668 366 2699 nudeo
392 2671 468 2698 ante
493 2677 582 2698 corr.
612 2665 650 2713 G.
682 2661 696 2707 Η
734 2664 787 2695 uti
814 2664 886 2697 fis.
914 2669 930 2697 ἶ·
959 2666 994 2701 G,
1020 2666 1096 2697 uti.
1113 2665 1134 2696 S
1150 2690 1157 2697 .
1173 2665 1217 2696 S.
1246 2668 1301 2697 est
1326 2666 1362 2697 H
1394 2663 1503 2706 (Llclz,
1540 2666 1574 2695 in
1597 2674 1699 2702 mar-y.
1723 2662 1760 2693 lzc

250 2734 360 2765 supra
385 2721 585 2763 scriptum).
611 2718 626 2763 Η
648 2721 689 2751 22
717 2731 735 2751 e
761 2723 918 2752 tessera:
946 2720 1100 2753 &essera
1126 2721 1161 2752 H
1188 2720 1235 2761 (e,
1260 2730 1406 2752 tessera
1431 2724 1450 2758 ἶ,
1478 2720 1509 2751 Sc
1535 2722 1675 2750 tessera
1700 2718 1760 2757 L),

252 2782 416 2810 ctessera
444 2778 470 2809 G
496 2778 547 2817 (lec
570 2779 603 2808 in
627 2776 725 2816 ras).
757 2773 771 2817 Η
804 2778 845 2807 ‘23
871 2777 1005 2817 digitus
1023 2778 1070 2809 H.
1096 2775 1110 2819 Η
1133 2778 1175 2809 26
1200 2777 1391 2808 nelaboret
1408 2776 1570 2816 fragibus
1591 2775 1618 2806 G
1636 2774 1759 2815 (fraci-

252 2835 318 2865 bus
342 2836 427 2873 .Ῑο(·.,
454 2834 620 2865 faecibus
647 2831 761 2873 epit.):
786 2832 939 2863 nelabor
955 2832 1149 2873 &fragilius
1176 2832 1385 2874 (fragilibus
1411 2843 1429 2864 c
1453 2836 1485 2864 et
1509 2836 1587 2863 ante
1613 2841 1701 2864 corr.
1729 2830 1758 2867 le,

251 2890 438 2930 ‘tsragibus
464 2889 487 2929 Ι)
514 2891 549 2920 ll
576 2888 634 2931 (nc
661 2889 764 2919 labor
791 2891 826 2919 et
851 2889 1016 2929 fragilius
1047 2888 1099 2931 L).
