1909 3322
222 196 304 237 236
878 200 1085 230 VITRuvn

224 323 298 365 per
336 311 575 347 menstruas
616 305 660 345 in
691 302 1031 345 subiectionibus
1072 302 1259 343 rationes
1298 300 1497 341 horarum
1531 305 1656 340 erunt
1687 313 1741 339 ex

222 374 517 417 analennnatis
558 371 890 424 describendae,
931 370 1286 424 subiciunturque
1322 368 1368 408 in
1399 381 1447 408 eo
1478 365 1636 407 multae
1669 381 1739 406 va‘

224 445 398 483 rietates
439 447 480 482 et
520 454 680 495 genera
716 437 1034 493 horologiorum
1075 443 1116 477 et
1155 435 1458 476 describuntur
1504 433 1742 475 rationibus

225 512 290 551 his
321 509 582 550 artificiosis.
650 507 840 548 omnium
871 512 1015 546 autem
1054 504 1288 559 figurarum
1320 501 1744 558 descriptionumque

180 588 199 617 5
226 593 371 619 earum
422 576 596 617 effectus
649 590 780 628 unus,
833 574 894 615 uti
941 573 1033 613 dies
1080 570 1405 627 aequinoctialis
1453 569 1745 625 brumalisque

225 648 414 702 itemque
445 642 686 686 solstitialis
718 643 763 683 in
794 640 1022 682 duodecim
1054 645 1197 695 partes
1225 637 1463 694 aequaliter
1485 637 1540 678 sit
1562 636 1744 678 divisus.

226 729 331 770 quas
364 715 418 754 ob
450 727 517 753 res
550 726 635 752 non
665 710 843 766 pigritia
875 708 1108 748 deterritus
1138 705 1409 762 praetermisi
1441 705 1591 745 sedne
1612 703 1744 745 inulta

228 780 456 823 scribendo
495 779 730 830 offendam,
777 792 801 817 a
840 776 1082 831 quibusque
1120 774 1298 814 inventa
1336 779 1435 815 sunt
1476 787 1635 827 genera
1673 771 1744 812 de-

228 850 571 906 scriptionesque
620 844 937 899 horologiorum
985 857 1211 899 exponam.
1291 855 1429 896 neque
1475 841 1587 881 enim
1633 854 1746 880 nunc

166 927 202 955 14)
228 931 340 959 nova
376 930 535 971 genera
573 914 768 955 invenire
809 926 985 967 possum
1024 925 1103 951 nec
1139 909 1281 951 aliena
1317 924 1393 965 pro
1432 909 1537 949 meis
1577 906 1744 963 praedi-

229 985 365 1026 canda
396 984 613 1024 videntur.
672 982 819 1036 itaque
851 994 958 1035 quae
989 978 1112 1020 nobis
1146 977 1305 1018 tradita
1336 982 1434 1017 sunt
1465 982 1506 1017 et
1536 990 1561 1016 a
1592 974 1746 1031 quibus

230 1054 315 1093 sint
346 1053 522 1092 inventa
553 1050 707 1090 dicam.

164 1129 212 1159 lx
344 1116 662 1173 Hemicyclium
714 1121 971 1156 excavatum
1021 1129 1075 1154 ex
1126 1113 1333 1169 quadrato
1382 1111 1437 1152 ad
1484 1111 1748 1166 enclimaque
1764 1117 1883 1158 (VIII)

231 1188 442 1228 succisum
472 1186 658 1226 Berosus
682 1183 923 1225 Chaldaeus
956 1182 1115 1223 dicitur
1146 1181 1377 1221 invenisse.
1438 1179 1626 1235 scaphen
1657 1179 1749 1219 sive

168 1268 204 1295 151
232 1255 593 1311 hemisphaerium
632 1251 909 1293 Aristarchus
950 1250 1140 1302 Samius,
1180 1249 1292 1289 idem
1333 1249 1460 1289 ctiam
1501 1247 1666 1288 discum
1707 1248 1749 1287 in

232 1323 425 1379 planitia.
476 1321 690 1362 arachnen
713 1319 921 1360 Eudoxus
944 1317 1200 1373 astrologus,
1232 1314 1425 1357 nonnulli
1448 1314 1596 1356 dicunt
1618 1313 1749 1370 Apol-

230 1391 405 1432 lonium.
457 1389 686 1445 plinthium
709 1389 801 1428 sive
822 1386 1009 1439 lacunar,
1039 1385 1153 1442 quod
1176 1385 1302 1426 etiam
1326 1385 1368 1424 in
1391 1383 1516 1425 Circo
1540 1382 1752 1423 Flaminio

232 1466 294 1500 est
324 1458 524 1514 positum,
559 1456 765 1512 Scopinas
795 1455 1065 1510 Syracusius,
1098 1467 1207 1506 προς
1241 1468 1293 1493 τα
1324 1462 1618 1504 ιστορυυμενα
1650 1450 1749 1489 Par-

233 1527 424 1579 menion,
465 1539 575 1578 προς
607 1538 696 1565 παν
728 1524 859 1576 κλίμα
899 1521 1166 1562 Theodosius
1200 1526 1240 1560 et
1271 1519 1492 1571 Andreas,
1532 1517 1750 1559 Patrocles

168 1609 208 1637 ἰο
234 1593 487 1650 pelecinum,
520 1590 850 1647 Dionys‹;›d01·us
882 1604 1049 1642 conum,
1084 1586 1336 1644 Apolhtmius
1359 1586 1616 1642 pharetram,
1648 1584 1749 1625 alia-

235 1677 315 1717 que
346 1675 505 1716 genera
537 1666 578 1701 et
610 1659 682 1715 qui
714 1673 843 1714 supra
874 1657 1023 1713 scripti
1064 1662 1162 1697 sunt
1202 1661 1241 1696 et
1279 1654 1353 1695 alii
1394 1653 1535 1709 plures
1576 1654 1752 1694 inventa

234 1729 511 1784 reliquerunt,
542 1728 605 1768 uti
634 1725 942 1778 conarachnen,
976 1725 1169 1766 conicum
1191 1723 1437 1780 plinthium,
1468 1720 1750 1763 antiboreum.

236 1946 349 1967 versus
366 1935 560 1975 superiores
586 1934 716 1963 15—17
733 1932 940 1963 recurrentis
956 1931 1038 1962 llaec
1066 1928 1366 1972 [aequinoctialis
1384 1927 1507 1959 radius
1527 1927 1586 1959 ubi
1607 1927 1677 1958 erit
1695 1926 1751 1957 lit-

238 1996 317 2023 tera
344 2002 360 2021 e
378 2019 383 2024 ,
403 1990 465 2021 sed
492 1988 706 2020 deducendi]
736 1988 798 2027 (sic
826 1988 933 2023 IlLlc,
960 1986 1024 2017 sed
1049 1985 1214 2017 ducenda
1244 1985 1284 2026 G)
1312 1984 1355 2016 ad
1385 1986 1427 2015 esi
1456 1984 1535 2015 loesi
1565 1993 1632 2025 quo
1651 1985 1754 2014 secat

238 2047 514 2079 circinationem
542 2043 675 2085 <—ne)]
700 2054 721 2085 p
749 2044 910 2075 aestivas
936 2042 1012 2073 sive
1042 2053 1059 2082 p
1086 2041 1377 2083 aequinoctiales
1404 2045 1465 2072 ele.
1498 2038 1513 2081 Η
1550 2042 1558 2070 l
1591 2040 1752 2070 rationes

237 2116 298 2134 om.
329 2105 366 2136 G.
395 2103 469 2143 (sed
490 2103 599 2143 suppl.
629 2102 698 2140 G1').
732 2098 745 2142 Η
779 2102 797 2130 2
825 2099 1078 2130 analemmatis
1105 2100 1173 2129 eds
1202 2097 1442 2128 analematios
1471 2096 1506 2133 G,
1535 2095 1753 2127 aualleatios

243 2162 275 2191 H
301 2159 358 2201 (L,
387 2158 644 2190 auallematios
670 2157 725 2197 Ic‘).
757 2154 771 2198 Η
807 2156 1034 2187 subiciuntur
1060 2166 1137 2196 eqo:
1165 2157 1317 2185 *antur
1346 2153 1421 2184 GH.
1455 2149 1470 2194 Η
1500 2154 1519 2184 3
1545 2151 1751 2184 describun-

240 2221 311 2249 tur:
344 2217 391 2247 sie
419 2215 495 2246 GH.
526 2211 541 2257 Η
574 2213 800 2245 orationibus
825 2216 865 2243 lc.
900 2210 913 2254 Η
945 2214 964 2243 6
991 2213 1149 2253 itemque
1173 2211 1264 2242 Joca:
1299 2209 1466 2250 idemque
1501 2208 1577 2238 GH.
1611 2205 1625 2249 Η
1658 2208 1753 2239 XII.

241 2274 277 2304 (ι’.
311 2269 326 2313 Η
358 2272 495 2303 divisus
524 2271 565 2301 G:
593 2271 680 2301 -—si'1
710 2270 743 2300 H
769 2268 903 2309 (—sum
932 2268 1018 2308 Ll‹·).
1052 2266 1066 2309 Η
1098 2269 1116 2299 7
1144 2276 1233 2307 quas
1259 2266 1302 2298 ob
1329 2275 1402 2299 res:
1434 2265 1483 2296 sic
1517 2264 1592 2295 GH.
1624 2260 1638 2305 Η
1672 2264 1753 2304 pter

240 2340 320 2371 misi
347 2341 393 2370 L:
421 2340 499 2379 pter
524 2337 644 2368 missis
673 2338 738 2368 GH
764 2325 1130 2378 (praeterfflhnissus
1156 2333 1212 2376 Ic).
1241 2331 1256 2375 Η
1290 2335 1328 2364 12
1355 2332 1495 2364 inventi
1520 2332 1565 2362 H.
1589 2327 1603 2372 Η
1629 2331 1669 2361 14
1693 2330 1753 2361 be-

242 2406 342 2427 rosus
371 2394 397 2426 G
423 2392 499 2435 (lc):
527 2393 694 2425 berossus
720 2393 757 2423 H
783 2390 854 2433 (L).
890 2390 904 2433 Η
936 2391 1097 2432 scaphen
1123 2391 1159 2421 H
1184 2389 1292 2430 (Llc):
1321 2399 1456 2430 scapen
1484 2387 1522 2419 G.
1552 2384 1565 2428 Η
1601 2386 1639 2417 15
1665 2386 1751 2416 dicir

241 2456 295 2483 tur
323 2452 525 2483 aristarcus
552 2448 597 2489 (-—
612 2449 780 2480 stharcus
808 2448 862 2489 ΙΙ)
894 2449 943 2479 sic·
971 2447 1037 2478 GH
1068 2446 1216 2487 (dicitur
1246 2447 1310 2476 del.
1338 2444 1418 2484 ed).
1450 2441 1463 2485 Η
1498 2444 1537 2474 16
1570 2441 1753 2473 arachnen

246 2509 305 2540 If:
341 2507 547 2538 araehanen
576 2505 640 2535 GH
672 2503 725 2544 (cle
751 2510 782 2536 ec
809 2510 885 2535 (mle
910 2514 979 2536 ras.
1006 2504 1047 2539 L,
1075 2501 1258 2533 archanen
1283 2500 1319 2540 l).
1342 2497 1356 2542 Η
1388 2501 1426 2531 17
1452 2499 1643 2540 plinthium
1660 2498 1753 2529 dmm:

243 2563 429 2603 panthium
456 2561 503 2603 (-
519 2563 537 2593 [ι
567 2561 606 2600 G)
636 2561 712 2593 GH.
745 2558 759 2602 Η
792 2561 943 2592 lacunar
963 2560 1006 2591 G:
1032 2558 1183 2590 lacunas
1210 2557 1245 2588 Il
1264 2555 1367 2597 (Llc).
1390 2554 1404 2597 Η
1430 2556 1469 2586 18
1494 2557 1616 2596 prosta
1640 2554 1754 2585 histo-

243 2630 391 2651 rumena
419 2620 452 2649 H
479 2617 581 2659 (Mc),
607 2618 691 2657 fpsta
716 2613 970 2657 h'ystoromena
998 2615 1034 2646 G.
1056 2612 1070 2655 Η
1097 2616 1136 2645 19
1160 2611 1434 2655 prospanelema
1462 2611 1526 2642 Gl]
1553 2609 1615 2649 (cle,
1641 2619 1757 2651 (ppan-

244 2676 348 2707 ‹lenia
370 2674 442 2715 LI).
475 2672 489 2716 Η
523 2673 670 2706 andrias
699 2673 772 2704 GH.
808 2671 821 2714 Η
852 2674 894 2703 20
919 2671 1105 2713 pelecinsl:
1131 2671 1179 2701 sic·
1206 2669 1270 2699 GH
1289 2668 1488 2709 (pelignum
1507 2666 1587 2707 ep).
1620 2663 1634 2707 Η
1668 2666 1753 2696 Dio-

246 2731 445 2773 nysodorus
478 2741 604 2761 conum
644 2729 772 2761 Mac-hs
816 2728 1039 2768 ‹li‹›11isol¹,'].=
1073 2725 1278 2768 porusconsl
1314 2725 1349 2755 H
1382 2722 1556 2763 (dioniso.
1576 2723 1611 2759 ζ)
1644 2733 1680 2763 p.
1715 2722 1753 2757 L,

244 2787 420 2818 dionisio.
441 2789 475 2823 ιζ’)
504 2798 535 2827 p.
569 2785 628 2826 lc),
656 2784 796 2816 dioniso
822 2794 1058 2825 porusconum
1087 2783 1123 2815 G.
1152 2779 1167 2823 Η
1198 2782 1340 2823 parctra
1366 2780 1403 2820 G,
1431 2778 1604 2820 par&ram
1638 2778 1673 2808 H
1698 2776 1753 2817 (L,

248 2848 426 2883 paretrum
453 2841 598 2885 Ic)‚1}·22
625 2840 877 2873 conarchenen
904 2839 1174 2880 (conarachnen
1192 2835 1300 2876 Mar.)
1331 2837 1497 2867 conatum
1526 2832 1704 2873 (conicum
1724 2833 1753 2872 ‘?)

248 2899 439 2940 plinthium
465 2899 717 2931 antiboraeum
744 2896 900 2937 (——reum
929 2895 986 2937 GC)
1016 2896 1091 2927 GH.
