1899 3322
131 2107 150 2136 Ν)

602 241 664 272 DE
696 242 1051 273 ARCHITECTURA
1083 244 1171 274 Lm.
1204 242 1264 272 lv.
1637 232 1689 273 83

166 349 232 388 ita
283 345 347 385 uti
393 350 540 386 contra
587 343 806 384 columnas
859 344 1050 398 singulas
1095 346 1279 400 primum
1316 346 1401 385 sint
1450 344 1688 400 designata,

172 420 315 454 cetera
335 411 504 467 aequali
534 411 661 453 modo
693 411 903 468 disposita
933 412 996 452 uti
1028 411 1197 466 singula
1229 411 1409 467 singulis
1441 412 1597 452 mediis
1629 419 1689 453 te-

171 480 283 536 gulis
314 478 616 536 respondeant.
684 479 790 520 haec
825 485 971 520 autem
1001 493 1110 534 quae
1142 486 1263 520 erunt
1295 486 1441 520 contra
1473 479 1690 521 columnas

170 548 465 605 perterebrata
511 548 597 588 sint
638 547 694 587 ad
733 545 925 587 canalem
968 547 1041 602 qui
1081 547 1243 602 excipit
1283 561 1304 586 e
1341 547 1498 601 tegulis
1537 562 1691 603 aquam

172 615 424 668 caelestem,
470 614 669 655 mediana
707 621 851 655 autem
895 615 981 655 sint
1020 613 1186 666 solida,
1224 614 1288 654 uti
1325 629 1433 669 qnae
1471 614 1587 655 cadit
1626 615 1691 654 vis

170 698 307 739 aquae
328 698 404 739 per
434 681 601 737 tegulas
635 682 678 722 in
710 681 901 723 canalem
932 696 986 722 ne
1018 681 1230 722 deiciatur
1260 695 1336 736 per
1366 682 1693 723 intercolumnia

170 766 310 807 neque
339 756 608 791 transeuntes
640 749 887 806 perfundat,
922 748 997 789 sed
1029 763 1137 804 quae
1168 755 1266 789 sunt
1299 756 1442 789 contra
1475 749 1692 790 columnas

172 819 402 860 videantur
434 819 629 858 emittere
660 818 877 858 vomentia
908 824 1053 857 ructus
1084 830 1294 872 aquarum
1326 831 1379 855 cx
1411 831 1496 857 ore.

284 885 471 927 Aedium
510 886 748 926 ionicarum
780 900 907 940 quam
937 885 1207 940 apertissime
1238 884 1359 939 potui
1391 883 1693 939 dispositiones

172 954 250 995 hoc
272 953 491 995 volumine
521 953 694 1009 scripsi,
728 952 967 993 doricarum
998 958 1141 993 autem
1174 958 1216 991 et
1247 951 1555 991 corinthiarum
1588 967 1695 1007 quae

172 1023 258 1062 sint
289 1021 587 1078 proportiones
619 1021 863 1075 insequenti
894 1019 1005 1060 libro
1037 1019 1279 1075 explicabo.

542 1226 824 1274 LIBER
886 1223 1320 1284 QUARTUS.

287 1350 395 1391 Cum
416 1348 834 1402 animadvertissem,
867 1338 1102 1404 imperator
1112 1380 1122 1400 7
1155 1346 1299 1403 plures
1323 1346 1377 1386 de
1407 1344 1696 1386 architectura

172 1423 401 1473 praecepta
449 1415 755 1472 voluminaque
801 1415 1203 1456 commentariorum
1246 1428 1331 1454 non
1377 1412 1573 1453 ordinata
1620 1413 1695 1453 sed

172 1486 345 1541 incepta
382 1485 443 1525 uti
482 1484 714 1540 particulas
748 1483 1012 1523 errabundas
1052 1481 1300 1537 reliquisse,
1333 1480 1509 1536 dignam
1542 1486 1581 1520 et
1612 1480 1693 1520 uti—

173 1552 379 1593 lissimam
416 1566 506 1592 rem
544 1552 694 1608 putavi
725 1557 870 1592 tantae
902 1549 1158 1606 disciplinae
1190 1564 1342 1605 corpus
1373 1547 1428 1588 ad
1459 1547 1695 1603 perfectam

173 1620 487 1662 ordinationem
518 1619 752 1676 perducere
784 1625 825 1659 et
854 1619 1142 1674 praescriptas
1180 1618 1225 1657 in
1256 1616 1436 1670 singulis
1468 1614 1695 1655 volumini-

173 1690 252 1729 bus
292 1687 559 1742 singulorum
589 1685 1054 1742 generum'qualitates
1087 1683 1319 1739 explicare.
1380 1684 1547 1738 itaque,
1589 1682 1694 1722 Cac-

174 1771 242 1796 sar
252 1789 263 1809 7
302 1756 439 1811 primo
478 1754 697 1795 volumine
726 1754 809 1795 tibi
840 1753 894 1793 de
925 1753 1067 1793 officio
1099 1752 1189 1792 eius
1222 1759 1261 1791 ct
1294 1750 1448 1805 quibus
1481 1749 1696 1789 eruditum

175 1837 267 1863 csse
304 1824 432 1864 rebus
463 1822 746 1862 architectum
779 1827 972 1876 oporteat
1004 1819 1198 1875 exposui.
1258 1816 1444 1859 secundo
1477 1817 1530 1856 de
1563 1817 1695 1871 copiis
1722 1834 1729 1839 ·

175 1892 394 1943 materiae,
428 1905 449 1929 e
481 1889 637 1945 quibus
668 1889 865 1929 aedificia
897 1888 1242 1938 constituuntur,
1276 1885 1510 1941 disputavi.
1571 1884 1696 1924 tortio

175 1966 319 2000 autem
360 1958 414 1998 de
451 1957 624 1997 aedium
655 1971 872 1997 sacrarum
903 1953 1261 2011 dispositionibus
1294 1960 1333 1993 ct
1366 1952 1419 1992 de
1450 1966 1594 1991 earum
1625 1964 1696 2005 gc-

176 2041 323 2068 nerum
363 2025 575 2065 varietate
614 2039 804 2080 quasque
843 2030 884 2064 et
923 2029 1026 2079 quot
1056 2021 1242 2063 habeant
1273 2020 1437 2075 species
1468 2033 1698 2073 carumque

177 2109 286 2150 quae
317 2094 403 2134 sint
433 2093 478 2133 in
509 2091 692 2147 singulis
724 2090 954 2146 generibus
988 2089 1337 2140 distributiones,
1372 2103 1424 2128 cx
1455 2086 1592 2127 tribus
1625 2101 1696 2139 gc.—

176 2161 373 2213 neribus,
414 2174 523 2216 quac
554 2158 857 2201 subtilissimas
887 2158 1096 2198 haberent
1127 2154 1475 2212 proportionibus
1507 2152 1697 2193 modulo-

176 2244 271 2270 rum
309 2229 591 2284 quantitates,
639 2226 769 2267 ionici
807 2226 976 2280 generis
1014 2224 1206 2266 moribus
1246 2223 1386 2262 docui.
1460 2234 1572 2260 nunc
1619 2219 1696 2258 hoc

178 2295 396 2337 volumine
425 2294 478 2335 de
510 2293 646 2334 dorici
684 2292 972 2348 corinthiique
1001 2291 1248 2333 constitutis
1286 2289 1524 2329 rationibus
1557 2287 1698 2327 dicam

179 2377 412 2419 corumque
443 2361 693 2403 discrimina
725 2367 765 2402 ct
796 2360 1080 2416 proprietates
1112 2357 1353 2415 explicabo.

269 2502 291 2533 4
316 2501 413 2542 pteri
437 2501 543 2531 brate
571 2499 597 2530 G
623 2497 699 2540 (sed
723 2501 807 2529 —ta
835 2498 906 2537 (1¹⁶).
938 2494 953 2539 ΙΙ
986 2498 1004 2528 7
1030 2495 1229 2538 perfundat
1256 2495 1300 2527 G:
1327 2492 1459 2524 —daut
1486 2491 1519 2522 ll
1546 2490 1650 2530 (Mc).

184 2561 222 2590 10
249 2558 510 2590 chorintiarum
538 2557 571 2587 ll
598 2554 655 2598 (L,
684 2549 942 2586 coi-ffithiarum
967 2552 1006 2593 l),
1032 2552 1317 2584 ehorinthiarum
1346 2551 1372 2579 (ι’
1391 2549 1461 2588 tls).

272 2637 432 2668 Vitruvii
457 2635 551 2666 liber
580 2635 710 2666 tertius
743 2631 1063 2675 cxplicit.incipit
1093 2631 1186 2662 liber
1218 2620 1284 2670 (lib
1313 2628 1352 2669 (ι’)
1374 2630 1521 2668 quartus
1540 2625 1700 2656 feliciter

185 2694 251 2724 GH
268 2693 326 2732 (L,
354 2694 428 2724 item
445 2702 508 2723 om.
536 2690 696 2722 feliciter
720 2692 742 2724 l,
769 2700 830 2722 om.
858 2689 985 2719 nomine
1010 2688 1054 2726 e).

275 2762 315 2791 15
340 2757 565 2791 errabundas
589 2758 680 2790 Joc.:
713 2754 935 2788 errabundos
963 2755 1038 2788 (ill.
1067 2752 1082 2796 Η
1120 2755 1160 2785 16
1192 2756 1317 2784 tantm·
1347 2751 1553 2782 Pontedera:
1588 2752 1699 2780 antea

186 2827 262 2859 GH.
290 2824 305 2869 [Ι
332 2828 374 2859 22
401 2816 499 2859 e³rum
519 2826 582 2858 lle.
613 2822 628 2866 ΙΙ
659 2825 702 2855 24
728 2825 800 2855 sint,
826 2823 936 2855 leude:
979 2824 1063 2853 sunt
1095 2822 1171 2852 (ill.
1208 2819 1221 2862 Η
1254 2818 1528 2850 distributiones
1560 2827 1602 2848 cx
1634 2816 1698 2846 tri-

184 2883 252 2914 bus
338 2883 403 2913 GH
418 2881 507 2923 (sic).
527 2879 542 2924 Η
565 2882 606 2912 27
627 2880 739 2912 dorici
766 2878 1008 2919 corinthiique
1025 2878 1233 2910 constitutis
1252 2873 1454 2906 rationibus
1468 2884 1546 2913 eye:
1565 2871 1700 2904 doricis

186 2938 448 2978 corinthiisque
473 2937 683 2969 constitutis
709 2936 740 2968 Sc
766 2935 932 2967 omnibus
959 2935 1035 2967 (ill.
1063 2932 1078 2976 ΙΙ
1109 2935 1150 2965 ‘28
1177 2930 1408 2974 proprietatis
1433 2933 1511 2959 ante
1535 2938 1626 2959 corr.
1654 2927 1700 2959 ΙΙ.

1371 2984 1396 3025 0·
1408 2982 1429 3005 τὴ

1717 626 1737 656 5

1722 963 1762 993 10

1723 1489 1764 1518 15
