1909 3322
275 245 330 286 46
926 249 1135 279 VITRUVII

274 357 434 398 habent
479 361 519 395 et
565 360 727 395 statuas
774 351 938 409 amplas
986 351 1123 392 factas
1163 350 1336 406 egregie
1375 357 1416 391 et
1453 350 1620 392 minora
1651 348 1795 406 sigilla

273 424 481 477 floresque
513 427 553 461 et
583 421 788 462 acanthos
821 419 1038 474 eleganter
1069 417 1269 474 scalptos.
1338 432 1447 474 quae
1478 433 1574 458 cum
1606 419 1691 459 sint
1722 433 1793 458 ve-

272 496 399 542 tusta⁷
433 490 495 530 sic
515 495 723 545 apparent
753 489 942 529 recentia
971 487 1035 528 uti
1067 487 1104 527 si
1136 487 1221 527 sint
1253 485 1379 527 modo
1410 485 1538 526 facta.
1599 501 1685 527 non
1714 487 1793 527 mi-

271 573 349 597 nus
396 557 524 597 etiam
569 556 682 597 fabri
727 557 882 596 aerarii
923 555 975 595 de
1013 554 1080 595 his
1119 553 1366 610 lapidicinis
1408 554 1454 593 in
1490 554 1603 594 aeris
1640 554 1795 595 flatura

227 637 246 666 5
271 624 419 664 formis
452 625 710 680 comparatis
740 623 901 664 habent
942 637 995 663 ex
1026 623 1063 663 is
1094 621 1149 661 ad
1180 636 1252 663 aes
1283 620 1553 662 fundendum
1583 622 1794 663 maximas

269 690 495 731 utilitates.
558 706 666 747 quae
689 692 726 732 si
756 705 889 747 prope
920 690 1070 731 urbem
1103 696 1267 742 essent,
1307 689 1486 744 dignum
1518 696 1631 730 esset
1662 696 1709 730 ut
1740 704 1794 731 ex

270 758 336 799 his
383 758 568 799 officinis
617 759 760 799 onmia
805 773 934 814 opera
964 757 1286 814 perficerentur.
1355 772 1453 798 cum
1486 771 1586 811 crgo
1618 764 1793 814 propter
1819 766 1838 796 5

270 827 636 882 propinquitatem
667 828 901 867 necessitas
933 832 1058 880 cogat
1090 840 1143 866 ex
1164 825 1324 865 Rubris
1356 824 1602 881 lapidicinis
1635 832 1677 866 et
1697 825 1793 865 Pal-

269 893 462 934 lensibus
502 900 543 934 et
581 909 690 949 quae
722 901 820 935 sunt
850 893 948 934 urbi
979 894 1202 949 proximae
1233 893 1368 949 copiis
1407 893 1491 945 uti,
1532 893 1569 932 si
1608 893 1681 948 qui
1719 907 1792 934 vo-

206 975 246 1004 10
270 961 399 1002 luerit
422 963 513 1002 sine
535 962 654 1002 vitiis
686 961 891 1017 perficere
902 994 912 1013 ⁷
945 961 1005 1001 ita
1027 961 1106 1001 erit
1137 959 1495 1016 praeparandum.
1547 974 1643 1000 cum
1673 960 1791 1001 aedi-

271 1028 489 1069 ficandum
534 1028 687 1081 fuerit,
734 1036 834 1069 ante
879 1029 1103 1070 biennium
1149 1043 1197 1068 ea
1243 1043 1347 1069 saxa
1391 1043 1477 1069 non
1529 1027 1671 1068 hieme
1718 1028 1793 1069 sed.

270 1102 433 1137 aestate
455 1096 700 1136 eximantur
708 1130 719 1149 7
753 1103 794 1137 et
815 1097 1000 1137 iacentia
1021 1102 1299 1152 permaneant
1320 1096 1365 1136 in
1396 1094 1498 1136 locis
1530 1095 1793 1151 patentibus.

272 1178 380 1219 quae
401 1170 543 1204 autem
567 1178 614 1204 eo
637 1163 812 1204 biennio
834 1178 858 1203 a
889 1163 1218 1219 tempestatibus
1250 1169 1366 1203 tacta
1398 1162 1512 1204 laesa
1534 1157 1710 1216 fuerint,
1746 1178 1794 1204 ea

270 1232 316 1270 in
336 1230 616 1271 fundamenta
646 1231 895 1272 coiciantur.
956 1238 1097 1271 cetera
1129 1246 1236 1286 quae
1266 1246 1353 1272 non
1383 1237 1507 1272 erunt
1538 1231 1706 1284 vitiata,
1738 1231 1793 1271 ab

207 1312 246 1341 15
270 1305 422 1339 natura
456 1313 597 1339 rerum
635 1298 817 1353 probata
855 1298 1009 1339 durare
1048 1305 1249 1354 poterunt
1287 1313 1417 1354 supra
1453 1299 1612 1339 terram
1644 1299 1792 1339 aedifi-

272 1373 380 1407 cata.
440 1381 517 1406 nec
557 1366 692 1407 solum
732 1381 780 1406 ea
811 1367 854 1407 in
887 1366 1107 1421 quadratis
1140 1365 1357 1422 lapidibus
1390 1372 1489 1406 sunt
1520 1366 1794 1408 observanda

272 1434 348 1474 sed
379 1434 506 1474 etiam
537 1435 581 1474 in
612 1435 902 1474 caementiciis
934 1434 1176 1475 structuris.

158 1508 245 1539 VIII
384 1501 703 1542 Structurarum
741 1516 897 1556 genera
936 1507 1035 1542 sunt
1074 1501 1179 1541 haec
1188 1534 1199 1555 7
1245 1501 1519 1543 reticulatum
1559 1517 1641 1557 quo
1679 1517 1793 1543 nunc
1819 1510 1835 1538 1

271 1584 415 1610 omnes
446 1576 625 1610 utuntur
635 1602 645 1622 7
686 1576 727 1610 et
757 1570 979 1625 antiquum
1019 1568 1132 1624 quod
1164 1570 1374 1610 incertum
1405 1569 1576 1610 dicitur.
1639 1584 1693 1609 ex
1724 1570 1791 1610 his

205 1645 247 1675 20
272 1637 495 1677 venustius
536 1644 600 1677 est
637 1636 931 1689 reticulatum,
979 1637 1055 1677 sed
1085 1636 1140 1676 ad
1171 1638 1302 1677 rimas
1333 1636 1554 1677 faciendas
1590 1637 1687 1678 ideo
1718 1652 1790 1693 pa-

269 1711 409 1745 ratum
460 1704 573 1759 quod
626 1706 669 1744 in
715 1719 861 1745 omnes
913 1711 1056 1760 partes
1108 1703 1319 1745 dissoluta
1363 1704 1494 1745 habet
1539 1704 1700 1745 cubilia
1751 1711 1791 1745 et

271 1779 536 1826 coagmenta.
598 1772 761 1812 incerta
802 1787 904 1813 vero
944 1778 1164 1812 caementa
1200 1771 1285 1812 alia
1322 1787 1452 1827 super
1481 1771 1565 1812 alia
1596 1772 1791 1813 sedentia

270 1841 382 1880 inter
419 1854 548 1894 seque
588 1839 816 1879 imbricata
860 1856 944 1881 11011
984 1840 1222 1895 speciosam
1271 1839 1346 1880 sed
1394 1840 1623 1881 firmiorem
1663 1855 1790 1895 quam

269 1906 495 1946 reticulata
524 1914 745 1961 praestant
775 1914 1047 1948 structuram.
1107 1914 1288 1962 utraque
1325 1914 1468 1948 autem
1509 1922 1563 1948 ex
1592 1908 1789 1948 minutis-

205 1982 247 2011 ‘25
273 1974 392 2014 simis
435 1981 533 2014 sunt
564 1974 839 2027 instruenda⁷
878 1975 941 2015 uti
973 1976 1152 2015 materia
1190 1990 1244 2014 ex
1285 1974 1399 2015 calce
1439 1982 1480 2015 et
1510 1975 1669 2015 harena.
1700 1990 1788 2015 cre-

272 2041 407 2081 briter
445 2041 630 2096 parictes
670 2042 814 2081 satiati
855 2042 1017 2083 diutius
1062 2043 1375 2083 contineantur.
1434 2041 1552 2082 molli
1597 2043 1710 2082 enim
1749 2049 1790 2083 et

270 2122 366 2147 rara
395 2114 608 2164 potestate
639 2122 734 2148 cum
766 2110 865 2161 sint,
899 2111 1120 2150 exsiccant
1152 2110 1344 2164 sugendo
1377 2124 1398 2149 e
1425 2110 1605 2150 materia
1626 2125 1787 2151 sucum.

273 2191 368 2216 cum
406 2182 547 2216 autem
588 2177 801 2230 superarit
838 2183 879 2217 et
916 2177 1149 2218 abundarit
1188 2178 1310 2233 copia
1350 2176 1477 2218 calcis
1518 2184 1559 2218 et
1589 2177 1786 2231 harenae,

1815 1914 1834 1944 10

271 2244 411 2298 paries
442 2242 538 2298 plus
570 2242 731 2283 habens
762 2245 922 2285 umoris
954 2260 1039 2285 non
1071 2246 1154 2285 cito
1185 2244 1258 2284 fiet
1290 2244 1514 2298 evanidus,
1547 2244 1622 2285 sed
1644 2245 1698 2286 ab
1720 2245 1787 2286 his

737 2303 762 2334 O

360 2439 379 2468 ‘2
406 2437 583 2468 achantos
612 2437 638 2467 G
657 2438 707 2476 (l),
734 2436 937 2469 achanthos
958 2439 991 2469 H
1009 2440 1120 2481 (Lem.
1155 2437 1168 2481 Η
1201 2438 1364 2480 scalptos
1382 2439 1418 2470 H
1437 2437 1595 2480 (GcLle):
1623 2437 1785 2480 sculptos

274 2493 300 2523 (τ’
327 2492 404 2533 (secl
426 2495 459 2524 in
483 2503 587 2533 marg.
617 2492 661 2523 Gc
684 2494 698 2523 ῖ
724 2493 763 2524 aT
779 2494 967 2536 scalptos).
1001 2493 1016 2538 Η
1048 2499 1067 2527 3
1093 2498 1178 2527 sunt
1202 2500 1279 2526 ante
1296 2506 1364 2526 ras.
1386 2496 1422 2526 G.
1456 2493 1470 2537 Η
1502 2497 1521 2526 5
1540 2495 1664 2526 formis
1690 2505 1784 2526 com-

270 2549 410 2588 paratis
437 2548 509 2588 (f):
536 2549 670 2579 formas
697 2553 917 2590 conparatas
946 2551 972 2581 (r'
997 2551 1079 2591 (L),
1113 2551 1238 2582 formis
1270 2555 1490 2592 conparatas
1514 2551 1552 2582 H
1578 2549 1649 2593 (lc).
1682 2549 1698 2593 Η
1734 2552 1782 2582 is:

270 2604 326 2635 his
362 2604 438 2635 GH.
477 2601 492 2645 Η
530 2604 574 2635 ad
602 2603 682 2643 e(ae
709 2611 786 2636 ante
810 2605 1122 2645 ras.)fundendum
1148 2608 1190 2638 L.
1229 2605 1243 2648 Η
1281 2608 1301 2637 8
1327 2607 1560 2639 Pallensibus
1592 2607 1711 2647 (supra
1748 2619 1781 2649 p.

271 2662 327 2700 44,
354 2662 398 2690 20
425 2659 523 2699 GH):
550 2660 791 2701 palliensibus
825 2662 900 2693 GH.
933 2660 947 2705 Η
986 2664 1005 2693 9
1031 2662 1060 2694 si
1084 2663 1142 2703 qui
1168 2663 1204 2692 Il
1231 2662 1341 2701 (Llc):
1368 2663 1398 2694 si
1419 2664 1497 2704 quis
1526 2663 1563 2696 G.
1596 2660 1610 2705 Η
1645 2665 1684 2694 12
1712 2664 1783 2694 exi—

271 2716 429 2747 miantur
460 2721 537 2747 (mle
568 2726 656 2749 corr.
683 2716 729 2749 H.
769 2714 783 2756 Η
824 2719 864 2747 14
897 2719 1089 2749 coniantur
1120 2723 1196 2749 ante
1228 2728 1318 2752 corr.
1353 2719 1582 2758 (coia-:HJ
1616 2719 1654 2751 G.
1688 2717 1702 2760 Η
1740 2721 1780 2750 21

272 2771 407 2802 cubilia
433 2772 469 2801 H
495 2770 605 2812 (lde->z
633 2771 801 2802 cubicula
829 2774 864 2805 (ι’.
896 2771 909 2814 Η
940 2774 982 2804 ‘23
1001 2773 1184 2804 inbricata
1209 2772 1329 2814 Hoc).
1362 2772 1376 2815 Η
1408 2774 1564 2805 firmiore
1589 2780 1667 2805 ante
1691 2785 1781 2806 corr.

271 2824 380 2866 (WrE)
409 2827 445 2857 G.
480 2824 494 2868 Η
532 2829 574 2858 ‘25
599 2826 628 2858 δι
654 2827 755 2858 calce
782 2828 823 2858 L.
856 2825 870 2868 Η
900 2817 945 2859 *et
977 2829 1156 2860 inharena
1186 2835 1265 2861 ante
1295 2840 1364 2862 ras.
1399 2830 1437 2861 G.
1471 2827 1486 2871 11
1518 2830 1675 2861 crebiter
1705 2836 1782 2862 ante

271 2891 361 2912 eor-r.
387 2883 433 2912 Il.
465 2880 479 2924 Η
510 2883 551 2914 27
579 2883 745 2924 sugenda
769 2889 846 2914 aule
872 2894 962 2915 corr.
990 2886 1027 2916 Η.
1059 2883 1074 2926 Η
1105 2886 1147 2915 ‘29
1173 2885 1372 2925 paries-ed.
1406 2883 1522 2926 (ree.):
1557 2887 1673 2928 partis
1704 2892 1782 2924 ante

269 2947 358 2967 ern-r.
388 2937 425 2977 G,
452 2941 571 2978 partes
600 2938 634 2968 ll
660 2936 810 2979 (mmo).
