1909 3322
210 1139 248 1167 10

210 1476 247 1505 1.)

276 214 360 254 242
928 222 1137 252 VITRUVII

277 339 421 366 earum
443 323 670 380 principiis
692 323 954 364 ratiocinari.
1011 324 1159 379 itaque
1190 323 1243 364 de
1272 323 1355 376 his,
1386 329 1434 363 ut
1471 337 1624 378 corpus
1656 337 1795 364 emen-

278 392 425 433 datum
460 391 775 432 architecturae
821 390 1092 446 perficiatur,
1143 390 1384 446 insequenti
1433 389 1651 431 volumine
1690 391 1794 432 inci-

276 461 390 515 piam
421 459 623 501 scribere.

654 663 937 711 LIBER
984 660 1413 710 DECIMUS.

390 785 539 827 Nobili
572 785 835 827 Graecorum
875 791 916 826 et
945 784 1088 841 ampla
1119 784 1296 825 civitate
1327 784 1493 840 Ephesi
1524 783 1595 824 lex
1624 789 1794 825 vetusta
1822 796 1836 824 1

276 855 434 895 dicitur
463 869 488 896 a
518 853 751 895 maioribus
781 853 888 893 dura
918 852 1166 893 conditione
1198 852 1274 893 sed
1303 851 1396 892 iure
1418 865 1512 892 esse
1532 866 1616 892 non
1647 852 1795 907 iniquo

277 923 521 963 constituta.
582 936 679 962 nam
718 920 980 961 architectus
1019 934 1115 960 cum
1158 919 1379 976 publicum
1412 934 1517 975 opus
1557 919 1794 959 curandum

277 990 430 1045 recipit
441 1022 451 1041 ,
499 988 728 1045 pollicetur
766 994 923 1044 quanto
964 993 1137 1044 sumptu
1181 986 1226 1027 id
1267 987 1322 1027 sit
1360 986 1566 1027 futurum.
1634 986 1793 1027 tradita

275 1057 574 1098 aestimatione
612 1056 883 1111 magistratui
920 1055 1036 1096 bona
1076 1056 1166 1096 eius
1205 1054 1473 1109 obligantur,
1513 1054 1649 1095 donec
1686 1069 1791 1110 opus

273 1126 331 1165 sit
361 1124 613 1180 perfectum.
673 1122 873 1164 absoluto
904 1128 1069 1176 autem,
1111 1137 1206 1163 611111
1237 1121 1292 1163 ad
1324 1122 1487 1162 dictum
1519 1122 1699 1178 inpensa
1728 1136 1791 1161 re-

272 1191 468 1248 spondit,
501 1191 684 1232 decretis
717 1197 758 1232 et
788 1190 1023 1231 honoribus
1045 1196 1233 1232 ornatur.
1293 1190 1395 1230 item
1428 1190 1464 1230 si
1493 1204 1579 1231 non
1608 1189 1793 1245 amplius

272 1275 399 1316 quam
422 1266 574 1315 quarta
603 1260 649 1299 in
670 1273 797 1315 opere
820 1258 1086 1299 consumitur
1107 1257 1162 1298 ad
1183 1257 1524 1298 aestimationem
1548 1257 1791 1310 adicienda,

272 1328 325 1368 de
356 1327 528 1384 publico
559 1332 824 1382 praestatur,
864 1340 1003 1381 neque
1032 1324 1120 1366 ulla
1150 1340 1287 1381 poena
1317 1331 1501 1366 tenetur.
1562 1339 1658 1365 cum
1689 1339 1792 1365 vero

271 1395 455 1451 amplius
488 1409 615 1449 quam
646 1400 798 1449 quarta
827 1394 872 1434 in
903 1408 1031 1449 opere
1062 1393 1343 1446 consumitur,
1378 1408 1431 1433 cx
1460 1393 1549 1433 eius
1581 1392 1706 1433 bonis
1736 1393 1790 1432 ad

229 1477 241 1493 ι’
272 1462 582 1518 perficiendum
620 1462 803 1516 pecunia
833 1462 1037 1516 exigitur.
1097 1461 1262 1502 utinam
1294 1460 1356 1501 dii
1385 1459 1633 1501 inmortales
1664 1459 1788 1501 fecis-

272 1536 368 1571 sent
411 1536 457 1571 ut
496 1544 544 1569 ea
588 1528 661 1568 lex
699 1530 828 1570 etiam
866 1540 906 1569 P.
948 1541 991 1569 R.
1029 1527 1278 1586 nonanodo
1316 1527 1502 1584 publicis
1542 1528 1618 1568 sed
1662 1529 1788 1568 etiam

271 1598 453 1653 privatis
484 1596 694 1637 aedificiis
728 1603 840 1637 esset
877 1595 1124 1637 constituta.
1184 1609 1370 1650 namque
1408 1609 1493 1636 non
1525 1596 1617 1635 31116
1655 1610 1791 1651 poena

271 1671 571 1719 grassarentur
592 1665 790 1720 inperiti,
824 1663 900 1703 sed
933 1663 1006 1718 qui
1038 1677 1204 1702 summa
1226 1662 1520 1703 doctrinarum
1550 1662 1790 1704 subtilitate

272 1739 414 1773 essent
436 1732 692 1789 prudentes,
717 1733 807 1772 sine
830 1730 1103 1771 dubitatione
1125 1730 1428 1786 profiterentur
1442 1730 1787 1783 architecturam,

270 1815 409 1856 neque
440 1806 582 1855 patres
614 1799 875 1839 familiarum
907 1798 1213 1839 inducerentur
1243 1798 1297 1837 ad
1330 1798 1521 1838 infinitas
1541 1804 1788 1854 sumptuum

272 1868 542 1923 profusiones
574 1873 621 1907 ut
653 1874 694 1907 et
726 1881 747 1906 e
778 1866 902 1906 bonis
936 1867 1196 1918 eicerentur,
1234 1865 1404 1920 ipsique
1435 1865 1658 1906 architecti
1688 1880 1786 1920 poe-

272 1950 351 1975 nae
382 1936 535 1975 timore
567 1934 704 1974 coacti
736 1933 989 1987 diligentius
1012 1933 1187 1974 modum
1217 1933 1498 1987 inpensarum
1529 1933 1785 1973 ratiocinan-

272 2010 335 2043 tes
369 2001 657 2058 explicarent,
689 2002 753 2041 uti
786 2007 928 2056 patres
962 2000 1222 2040 familiarum
1253 2000 1307 2040 ad
1339 2000 1382 2039 id
1415 1999 1529 2055 quod
1561 2015 1784 2056 praepara—

275 2070 460 2122 vissent,
499 2083 573 2109 seu
612 2068 737 2123 paulo
767 2067 951 2122 amplius
982 2067 1242 2119 adicientes,
1283 2066 1479 2107 aedificia
1518 2068 1785 2123 expedirent.

363 2262 519 2293 Vitruvii
554 2261 647 2292 liber
673 2250 759 2299 (1111.
778 2260 818 2301 (1¹)
846 2261 977 2294 VIIII.
998 2259 1149 2301 explicit
1186 2260 1265 2299 (ἠδ
1294 2260 1347 2300 (1¹).
1404 2260 1541 2302 Incipit
1565 2261 1658 2292 liber
1690 2261 1786 2293 deci-

274 2318 457 2352 1nus,(1'H
488 2316 550 2358 (L,
585 2316 732 2357 explicit.
762 2316 854 2347 liber
886 2317 955 2347 noii
988 2315 1162 2348 vitruvii.
1185 2315 1316 2356 incipit
1346 2315 1440 2347 llber
1470 2316 1632 2347 decimus
1663 2319 1689 2351 l,
1723 2328 1784 2348 om.

274 2386 355 2406 110111.
382 2385 410 2411 e,
435 2375 507 2405 sine
534 2375 584 2406 tit.
610 2373 642 2403 lc.

363 2454 382 2483 Γ)
408 2461 621 2493 graegorum
649 2451 695 2481 ΙΙ.
726 2448 740 2492 l}
775 2453 794 2482 8
821 2453 960 2492 sumptu
988 2450 1024 2481 id
1052 2452 1099 2481 sit
1122 2450 1217 2483 2100:
1251 2451 1407 2492 sumptui
1433 2450 1529 2482 adsit
1555 2450 1666 2485 EG'H.
1697 2449 1713 2493 Η
1748 2453 1787 2482 lo

275 2508 479 2550 respondit:
517 2509 566 2538 sic»
592 2507 696 2537 Em]
719 2505 747 2546 (
778 2507 836 2537 det
861 2506 944 2548 ed),
975 2504 990 2549 11
1027 2508 1065 2537 12
1092 2507 1135 2537 ad
1163 2507 1454 2537 aestimationem
1483 2509 1538 2537 est
1571 2506 1673 2546 (-n‹†=
1698 2509 1715 2538 ὗ,
1744 2509 1784 2542 G)

274 2563 549 2597 adicienda,de
586 2563 683 2593 EGll
716 2562 837 2601 (delevi
867 2566 937 2601 est,
970 2567 1089 2595 eontra
1119 2562 1221 2593 verba
1252 2563 1286 2593 in
1325 2573 1433 2603 opere
1472 2563 1693 2594 consumitur
1722 2574 1783 2595 om.

273 2622 372 2651 Selm.
399 2631 468 2650 eum
491 2618 638 2657 l'ossz'o).
669 2616 683 2659 11
722 2620 759 2649 14
786 2630 828 2649 ex
848 2619 923 2649 cius
944 2637 978 2641 —-
1000 2619 1156 2660 exigitur
1180 2629 1245 2648 om.
1273 2618 1313 2648 E.
1346 2616 1359 2657 ΙΙ
1390 2619 1431 2649 15
1457 2618 1634 2649 fecissent
1660 2630 1702 2650 ea
1727 2619 1785 2650 lex

277 2688 375 2718 EGll
401 2687 454 2727 (ut
479 2687 558 2719 add.
585 2685 704 2725 Man).
739 2683 752 2726 11
788 2688 826 2716 lo
855 2676 944 2718 l⁷¹l{s.:
970 2686 1019 2716 sic
1038 2685 1141 2716 ΕΘΗ
1163 2683 1288 2725 (mels),
1308 2683 1440 2725 populo
1466 2694 1612 2715 romano
1631 2686 1682 2716 ed.
1705 2682 1720 2727 Η
1744 2687 1784 2717 19

275 2743 558 2773 architecturam
575 2758 617 2763 ——
632 2741 890 2772 inducerentur
913 2753 973 2772 om.
1001 2741 1042 2771 E.
1068 2738 1083 2783 [l
1106 2742 1148 2771 20
1173 2741 1314 2781 sumpti-1
1335 2745 1412 2771 (mle
1429 2751 1518 2773 corr.
1539 2740 1566 2769 G
1590 2739 1668 2780 (non
1689 2741 1744 2782 E).
1767 2740 1780 2782 J

274 2800 308 2828 21
341 2802 376 2829 et
402 2801 442 2829 ut
468 2798 520 2837 (ut
539 2800 574 2829 et
592 2796 665 2837 esso)
694 2797 818 2827 ebonis
847 2797 955 2830 Elin.
976 2794 990 2839 Η
1016 2797 1221 2828 eicerentur
1238 2795 1322 2826 EH:
1352 2795 1578 2826 eiecerentur
1600 2797 1636 2829 (ι’,
1659 2794 1674 2838 Η
1696 2797 1784 2838 ipsi-

275 2865 339 2894 que.
374 2855 406 2884 Η
433 2853 588 2894 (acm->1
629 2854 789 2894 ipsisque
820 2853 847 2882 lv]
872 2858 904 2883 el
929 2858 1006 2883 aule
1030 2864 1119 2884 eor-r.
1148 2854 1186 2885 (ι’.
1213 2849 1227 2893 ll
1258 2861 1394 2892 poenae
1424 2852 1458 2881 ll
1483 2849 1639 2892 (G‹·Ll‹·):
1667 2863 1783 2894 poena

278 2910 305 2939 E
337 2915 368 2940 et
393 2909 517 2950 (pena)
544 2914 621 2939 ante
645 2920 733 2942 corr.
763 2910 800 2941 (ἰ.
