1899 3322
582 229 643 259 DE
674 228 1028 259 ARCHITECTURA
1060 229 1147 260 LIB.
1178 233 1222 258 x.
1579 216 1664 257 265

143 333 352 375 habentes
384 332 499 372 eirca
528 330 692 372 frontes
723 329 879 371 affixas
910 332 1064 386 pinnas
1096 345 1249 386 aquam
1272 335 1512 385 tangentes.
1559 329 1664 370 item
1698 350 1700 352 v

144 400 311 442 medius
343 400 438 440 axis
470 400 516 440 in
544 397 687 439 media
725 399 828 438 navi
859 398 989 439 habet
1027 405 1281 455 tympanum
1320 412 1416 439 cum
1445 413 1530 439 uno
1561 396 1662 438 den-

144 467 276 510 ticulo
308 468 475 508 extanti
506 473 629 508 extra
659 481 781 507 suam
811 465 1133 507 rotunditatem.
1181 467 1237 507 ad
1270 481 1365 507 eum
1396 465 1535 507 locum
1566 479 1662 506 con-

144 534 310 577 locatur
330 533 662 576 loculamentum
683 533 846 575 habens
867 532 1080 574 inclusum
1102 535 1147 574 in
1167 549 1212 574 se
1228 541 1495 590 tympanum,
1518 547 1662 590 perae-

146 603 287 659 quatis
319 601 523 643 dentibus
546 613 656 643 CCCC
688 601 1046 643 convenientibus
1080 601 1295 643 denticulo
1322 602 1519 657 tympani
1551 600 1665 656 quod

147 677 209 712 est
249 671 294 710 in
329 684 412 710 axe
453 668 678 710 inclusum.
738 675 959 726 praeterea
996 668 1053 709 ad
1091 668 1202 710 latus
1233 669 1414 709 affixum
1446 675 1665 709 extantem

146 743 270 778 extra
298 736 606 778 rotunditatem
637 737 819 778 alterum
851 737 1024 778 dentem
1045 751 1192 777 unum.
1250 737 1426 792 insuper
1455 737 1499 776 in
1529 735 1665 777 altero
1717 769 1721 775 .

146 804 432 847 loculamento
464 820 559 845 eum
591 820 639 846 eo
671 805 840 847 confixo
871 804 1084 847 inclusum
1114 811 1369 861 tympanum
1406 803 1580 860 planum
1610 802 1665 843 ad

145 872 329 914 eundem
359 873 533 913 modum
564 873 801 925 dentatum7
835 871 1191 914 convenientibus
1224 871 1425 912 dentibus
1447 870 1665 912 denticulo

146 941 221 996 qui
252 946 315 981 est
354 939 408 980 ad
449 939 561 981 latus
591 940 704 982 fixus
734 947 943 998 tympano
983 939 1096 996 quod
1135 946 1199 980 est
1230 940 1275 979 in
1306 938 1441 979 cultro
1473 938 1664 980 conloca-

144 1014 250 1060 tum,
283 1008 344 1048 ita
373 1014 421 1048 ut
453 1022 522 1049 eos
555 1007 705 1049 dentes
738 1009 810 1064 qui
843 1014 943 1049 sunt
974 1008 1092 1064 plani
1129 1008 1326 1064 tympani
1356 1006 1539 1061 singulis
1570 1020 1665 1046 ver-

145 1075 384 1117 sationibus
424 1075 618 1130 singulos
657 1075 763 1117 dens
801 1075 1050 1132 inpellendo
1088 1076 1133 1116 in
1171 1074 1318 1116 orbem
1350 1074 1524 1130 planum
1555 1080 1665 1130 tym-

145 1158 302 1200 panum
334 1150 490 1187 verset.
551 1144 595 1183 in
626 1143 752 1199 plano
784 1151 927 1184 autem
964 1151 1169 1200 tympano
1208 1142 1417 1183 foramina
1455 1141 1582 1194 fiant,
1621 1141 1667 1181 in

145 1210 300 1267 quibus
331 1210 616 1252 foraminibus
648 1211 987 1253 conlocabuntur
1017 1210 1171 1252 calculi
1208 1209 1399 1252 rotundi.
1458 1210 1504 1250 in
1540 1208 1667 1249 theca

146 1279 236 1319 cius
267 1280 465 1335 tympani
502 1280 595 1320 sive
624 1279 959 1321 loculamentum
991 1287 1055 1320 est
1085 1294 1218 1319 unum
1258 1278 1452 1319 foramen
1484 1291 1665 1317 excave-

145 1353 215 1388 tur
246 1346 409 1387 habens
442 1347 747 1400 canaliculum,
781 1362 865 1403 qua
896 1346 1083 1388 calculus
1123 1346 1333 1387 liberatus
1364 1345 1419 1386 ab
1450 1345 1668 1386 obstantia

147 1429 243 1454 cum
273 1414 479 1455 ceciderit
508 1415 554 1455 in
584 1430 661 1456 vas
691 1429 863 1456 aereum
893 1416 1037 1456 sonitu
1067 1415 1294 1469 significet.
1342 1415 1403 1455 ita
1423 1414 1548 1454 navis
1571 1427 1668 1453 cum

145 1481 344 1523 habuerit
375 1483 583 1538 impetum
614 1489 688 1524 aut
726 1496 941 1523 remorum
970 1489 1043 1523 aut
1073 1489 1303 1523 ventorum
1341 1481 1469 1533 flatu,
1509 1481 1668 1537 pinnae

146 1564 255 1605 quae
294 1557 418 1591 erunt
456 1551 502 1591 in
537 1551 643 1591 rotis
689 1557 918 1606 tangentes
955 1565 1110 1606 aquam
1154 1550 1383 1590 adversam
1421 1548 1668 1589 vehementi

144 1624 357 1659 retrorsus
388 1617 563 1674 inpulsu
594 1625 765 1660 coactae
796 1617 1033 1659 versabunt
1062 1624 1201 1670 rotas,
1248 1632 1322 1657 eae
1352 1623 1497 1658 autem
1527 1615 1666 1657 invol-

146 1684 289 1726 vendo
321 1700 367 1726 se
397 1692 527 1740 agent
558 1701 698 1740 axem,
731 1687 826 1727 axis
858 1700 961 1727 vero
994 1692 1262 1741 tympanum,
1295 1685 1415 1725 cuius
1447 1683 1553 1725 dens
1586 1684 1666 1724 cir-

146 1758 366 1794 cumactus
411 1752 594 1808 singulis
639 1753 959 1795 versationibus
1011 1752 1204 1807 singulos
1250 1751 1428 1793 secundi
1470 1752 1668 1807 tympani

147 1820 297 1861 dentes
319 1819 566 1876 inpellendo
588 1821 779 1863 modicas
803 1821 935 1862 efficit
962 1820 1294 1861 circumitiones.
1340 1820 1400 1860 ita
1429 1833 1525 1859 cum
1556 1829 1666 1860 CCCC

146 1888 200 1928 ab
240 1888 385 1944 pinnis
424 1894 542 1929 rotae
580 1888 741 1930 fuerint
778 1895 999 1942 versatae,
1041 1887 1172 1929 semel
1202 1894 1456 1944 tympanum
1487 1887 1666 1927 circum·

146 1962 290 1996 actum
330 1955 509 2011 inpellet
549 1955 676 1997 dente
719 1957 792 2012 qui
824 1962 888 1997 est
918 1955 974 1996 ad
1004 1955 1116 1996 latus
1148 1955 1282 2007 fixus,
1322 1954 1439 2011 plani
1470 1955 1666 2011 tympani

147 2023 333 2064 dentem.
386 2024 521 2078 igitur
551 2024 792 2065 circumitio
823 2025 1019 2080 tympani
1048 2023 1167 2079 plani
1199 2023 1581 2078 quotienscumque
1612 2022 1668 2063 ad

146 2089 341 2131 foramen
377 2090 583 2147 perducet
621 2091 829 2146 calculos,
872 2093 1038 2132 emittet
1069 2106 1145 2147 per
1176 2088 1474 2131 canaliculum.
1534 2089 1595 2130 ita
1626 2096 1668 2131 ct

147 2158 290 2199 sonitu
322 2164 363 2199 et
393 2173 570 2200 numero
602 2159 814 2201 indicabit
845 2159 1031 2200 miliaria
1062 2159 1201 2215 spatia
1231 2158 1539 2212 navigationis.

236 2307 256 2337 2
282 2306 369 2337 navi
395 2309 606 2348 tympanum
631 2308 734 2339 ΕΘΗ
759 2308 887 2348 (habet
912 2309 991 2340 add.
1017 2308 1121 2349 decu).
1154 2305 1168 2350 Η
1200 2308 1220 2338 4
1246 2306 1463 2347 Peraquatis
1481 2310 1558 2337 (mee
1575 2316 1666 2340 corr,

149 2363 177 2394 Θ
202 2360 281 2402 (non
309 2362 365 2403 E).
391 2359 406 2404 Η
429 2364 448 2394 5
474 2363 640 2397 CCCC.:
665 2366 714 2395 sic
739 2365 852 2398 ΕΘΗ,
877 2362 893 2406 Η
925 2364 1091 2396 deciculo
1110 2364 1151 2397 E.
1184 2362 1198 2406 ΙΙ
1231 2365 1248 2395 7
1276 2363 1393 2394 alteru
1411 2359 1564 2401 ,lunum
1588 2367 1666 2393 unte

147 2429 237 2450 corr.
265 2418 293 2449 G
319 2416 380 2457 (Cr'c
404 2420 484 2451 add.
512 2419 657 2452 dentem
673 2433 717 2447 =
733 2421 767 2451 Η
793 2425 824 2452 et
851 2421 898 2456 E,
924 2421 980 2452 uhi
1003 2422 1078 2452 item
1109 2420 1264 2452 alterum
1287 2418 1291 2460 Ι
1314 2419 1458 2450 dentem
1490 2418 1624 2456 unum).
1647 2415 1663 2458 11

146 2477 166 2506 9
193 2475 495 2507 convenientibus
521 2476 619 2508 Solen.
647 2476 694 2515 (ut
716 2488 751 2517 p.
770 2478 848 2513 204,
869 2477 923 2515 2):
951 2477 1080 2518 quibus
1106 2474 1221 2518 (quib;
1243 2476 1297 2514 Il)
1336 2474 1444 2505 ΕΘΗ.
1471 2471 1486 2516 Η
1509 2475 1550 2506 10
1574 2476 1665 2515 tym—

147 2540 259 2572 pano:
285 2532 334 2562 sic·
359 2531 464 2563 ΕΘΗ
487 2531 582 2573 (—ni
605 2531 736 2572 δίψη).
759 2530 773 2574 [l
801 2532 995 2564 conlocati]
1020 2533 1056 2564 in
1084 2543 1144 2564 eos
1173 2532 1299 2563 dentes
1320 2531 1420 2561 ΕΘΙΙ
1446 2530 1512 2569 <ita
1538 2532 1577 2560 ut
1603 2540 1666 2562 eos

147 2586 276 2626 Solem).
310 2584 324 2628 ΙΙ
360 2588 398 2618 12
424 2587 512 2619 dens
545 2588 765 2628 (denticulus
792 2588 915 2627 .llm·.):
947 2588 1077 2620 dentes
1108 2588 1223 2619 ΕΘΗ.
1256 2586 1270 2628 [ξ
1303 2586 1447 2628 planum
1472 2586 1562 2617 gloc-,z
1591 2585 1665 2627 ple-

93 2671 101 2679 „
148 2653 231 2673 num
257 2642 369 2674 EGII.
401 2641 415 2685 Η
446 2645 486 2675 14
517 2644 626 2676 techa
652 2646 679 2677 Θ
711 2644 788 2686 (non
814 2645 872 2681 Ε).
903 2642 917 2687 Η
948 2646 987 2677 15
1013 2646 1175 2687 tympani
1199 2645 1234 2675 Il
1261 2642 1417 2683 (rie-mci:
1449 2651 1533 2673 —no
1554 2641 1628 2673 EG.
1648 2643 1661 2682 ¹l

150 2700 190 2730 17
222 2708 385 2730 aereum:
416 2700 465 2730 sic
490 2700 604 2732 ΕΘΗ.
632 2698 646 2742 [Ι
679 2702 799 2732 sonitu
824 2712 902 2743 890:
930 2702 1087 2732 sonitum
1114 2701 1212 2741 (—ts1
1241 2700 1280 2739 Θ)
1311 2698 1420 2730 ΕΘΙΙ.
1446 2695 1460 2740 ΙΙ
1492 2699 1532 2730 18
1557 2698 1663 2731 flatu:

146 2757 194 2786 sie
225 2755 339 2786 ΕΘΗ.
378 2752 392 2797 Η
429 2754 472 2787 ‘20
504 2766 569 2788 eae
612 2757 713 2789 ΕΘΗ
750 2757 812 2797 (L,
851 2757 917 2788 liae
954 2758 1010 2797 cle,
1053 2757 1096 2799 he
1127 2758 1166 2798 l).
1204 2754 1217 2797 Η
1257 2758 1297 2786 23
1330 2754 1578 2786 circuitiones:
1617 2757 1666 2786 sic

149 2811 261 2843 EGH.
294 2809 309 2853 ΙΙ
342 2810 511 2845 CCCC.:
537 2814 586 2844 sic
610 2813 722 2846 ΕΘΗ.
757 2810 770 2854 Η
802 2814 844 2844 24
870 2814 1038 2854 abpinnis
1067 2814 1135 2845 Gll
1158 2813 1218 2853 (L,
1246 2811 1423 2852 abpennis
1448 2810 1512 2850 le),
1540 2808 1664 2850 afflin-

149 2867 270 2908 pinnis
294 2867 337 2901 E.
371 2865 386 2910 ΙΙ
419 2867 662 2910 circumpell&
684 2869 687 2907 Ι
710 2868 817 2900 dente
846 2869 875 2900 E
901 2867 980 2909 (non
1008 2871 1061 2910 Θ).
1093 2867 1107 2912 Η
1139 2871 1182 2901 ’.25
1209 2872 1261 2900 est
1289 2867 1348 2899 ad:
1375 2869 1423 2899 sic
1449 2867 1561 2900 ΕΘΗ.
1585 2864 1599 2909 Η
1621 2868 1662 2900 27

150 2922 294 2955 calculo
319 2923 351 2954 E
378 2923 458 2964 (non
486 2924 540 2966 G).

1694 948 1734 978 10

1695 1285 1735 1314 15
