1909 3322
155 952 194 982 10

155 1290 194 1320 15

226 220 305 261 154
873 229 1080 259 VITRUVH

332 329 706 383 Quemadmodum
750 329 843 370 sine
888 330 1008 371 vitiis
1055 345 1183 388 opera
1220 328 1426 371 constitui
1463 332 1658 383 oporteat
1696 332 1737 368 et
1761 335 1803 375 8⁷

220 400 283 440 uti
321 403 525 440 caveatur
562 397 870 454 incipientibus
913 400 1109 456 exposui.
1177 410 1361 451 namque
1392 394 1446 435 de
1476 394 1633 450 tegulis
1664 401 1738 435 aut

220 466 353 521 tignis
375 471 449 507 aut
478 465 697 507 asseribus
728 465 946 508 mutandis
977 481 1064 508 non
1106 471 1170 507 est
1209 463 1358 506 eadem
1397 476 1498 504 cura
1535 461 1736 518 quemad-

219 533 393 575 modum
430 533 484 574 de
514 533 603 587 his,
645 532 760 590 quod
790 548 839 574 ea
870 534 1067 589 quamvis
1099 534 1186 575 sint
1216 532 1394 584 vitiosa,
1432 529 1618 572 faciliter
1646 545 1737 571 mu-

219 607 377 644 tantur.
438 602 498 643 ita
536 615 644 658 quae
681 615 761 643 nec
799 600 937 643 solida
975 600 1149 658 quidem
1178 605 1382 657 putantur
1412 612 1506 639 esse
1523 630 1534 651 ,
1582 597 1738 654 quibus

218 668 458 711 rationibus
488 669 593 711 haec
623 675 824 726 poterunt
862 684 956 710 esse
985 668 1108 710 firma
1140 674 1181 710 et
1218 665 1577 724 quemadmodum
1614 665 1736 707 insti-

218 743 394 779 tuantur
415 738 610 794 exposui.
671 737 827 794 quibus
857 743 1002 778 autem
1033 737 1253 793 copiarum
1282 733 1513 790 generibus
1544 738 1739 789 oporteat
1764 741 1783 772 9

218 806 304 859 uti,
346 820 432 847 non
471 811 536 847 est
565 805 792 847 architecti
823 810 1033 860 potestas,
1073 803 1170 845 ideo
1202 802 1317 860 quod
1346 816 1432 843 non
1462 802 1507 842 in
1538 800 1737 842 omnibus

219 872 324 915 locis
363 873 508 914 omnia
544 887 703 928 genera
739 873 958 928 copiarum
997 878 1252 924 nascuntur,
1289 876 1337 912 ut
1373 870 1420 910 in
1449 870 1587 925 primo
1619 868 1737 910 volu-

219 941 334 981 mine
355 947 419 982 est
439 941 696 997 expositum.
755 946 977 996 praeterea
998 940 1044 980 in
1064 939 1228 980 domini
1259 943 1323 979 est
1352 943 1566 994 potestate
1596 942 1739 978 utrum

219 1008 412 1050 latericio
457 1023 513 1049 an
550 1008 827 1049 caementicio
863 1022 918 1048 an
956 1022 1060 1048 saxo
1100 1006 1308 1063 quadrato
1345 1004 1452 1046 velit
1496 1004 1738 1045 aedificare.

222 1077 366 1132 itaque
397 1077 587 1117 omnium
628 1090 806 1132 operum
844 1075 1118 1132 probationes
1152 1075 1366 1131 tripertito
1398 1072 1738 1125 considerantur,

220 1143 265 1185 id
320 1149 384 1184 cst
430 1143 577 1184 fabrili
619 1142 859 1184 subtilitate
905 1149 946 1184 et
990 1143 1312 1198 magnificentia
1357 1147 1398 1182 et
1443 1140 1738 1197 dispositione.

222 1226 318 1252 cum
358 1211 683 1266 magnificenter
713 1226 819 1267 opus
850 1210 1089 1268 perfectum
1119 1211 1376 1266 aspicietur,
1416 1223 1441 1249 a
1472 1208 1635 1249 domini
1665 1222 1737 1263 po-

219 1285 375 1321 testate
418 1280 625 1336 inpensae
673 1278 984 1331 laudabuntur,
1032 1292 1129 1319 cum
1173 1276 1411 1330 subtiliter,
1458 1275 1738 1317 officinatoris

220 1346 476 1404 probabitur
498 1347 682 1401 exactio,
714 1361 811 1387 cum
832 1361 936 1387 vero
967 1352 1148 1388 venuste
1178 1343 1527 1402 proportionibus
1559 1349 1600 1384 et
1621 1357 1735 1399 sym-

222 1415 386 1456 metriis
418 1414 618 1456 habuerit
648 1415 970 1467 auctoritatem,
1018 1420 1121 1455 tunc
1151 1413 1283 1455 fuerit
1319 1412 1458 1467 gloria
1494 1410 1735 1452 architecti.

220 1482 326 1523 haec
347 1488 491 1524 autem
511 1489 625 1524 recte
648 1483 979 1534 constituuntur,
1013 1496 1109 1522 cum
1129 1482 1166 1522 is
1190 1488 1230 1522 et
1251 1496 1276 1521 a
1306 1479 1442 1521 fabris
1474 1484 1515 1520 ct
1545 1477 1600 1519 ab
1630 1477 1738 1519 idio·
1766 1485 1807 1516 10

220 1551 276 1591 tis
322 1551 512 1606 patiatur
554 1551 749 1606 accipere
787 1564 832 1591 se
871 1548 1063 1591 consilia.
1124 1563 1306 1604 namque
1344 1561 1491 1589 omncs
1529 1545 1737 1598 homines,

220 1633 306 1658 non
338 1617 474 1659 solum
505 1618 752 1672 architecti,
786 1617 900 1674 quod
932 1623 996 1658 est
1026 1617 1186 1659 bonum
1216 1621 1396 1673 possunt
1427 1613 1629 1670 probare,
1663 1613 1740 1654 scd

220 1686 334 1726 inter
354 1684 512 1727 idiotas
536 1691 577 1726 et
600 1700 670 1727 eos
692 1685 773 1727 hoc
795 1691 859 1726 est
889 1685 1123 1726 discrimen
1154 1684 1268 1740 quod
1296 1683 1434 1724 idiota
1463 1681 1548 1722 nisi
1577 1680 1736 1722 factum

221 1752 403 1807 viderit,
435 1768 522 1795 non
542 1759 684 1810 potest
705 1753 815 1794 scire
847 1752 951 1808 quid
982 1754 1039 1794 sit
1068 1753 1275 1804 futurum,
1306 1749 1565 1791 architectus
1596 1754 1740 1790 autem

221 1820 348 1862 simul
378 1821 519 1862 animo
551 1821 835 1874 constituerit,
867 1826 1098 1876 antequam
1128 1819 1337 1875 inceperit
1369 1823 1410 1859 et
1440 1822 1668 1859 venustate
1699 1822 1740 1858 et

221 1904 303 1930 usu
334 1895 375 1930 et
407 1888 561 1930 decore
593 1888 718 1945 quale
750 1890 806 1930 sit
836 1889 1030 1930 futurum
1060 1887 1191 1928 habet
1223 1886 1460 1927 definitum.

336 1956 456 2008 Quas
494 1970 561 1997 res
599 1957 782 2012 privatis
813 1955 1024 1997 aedificiis
1054 1955 1181 1997 utiles
1212 1953 1364 2011 putavi
1394 1958 1435 1995 et
1467 1952 1737 2008 quemadmo-

223 2024 325 2065 dum
363 2023 450 2064 sint
490 2023 717 2065 faciundae
755 2038 880 2079 quam
923 2023 1193 2079 apertissime
1230 2022 1351 2078 potui
1380 2020 1625 2077 perscripsi.
1685 2019 1739 2060 de

316 2196 330 2226 1
360 2205 464 2236 quem
503 2193 694 2226 admodum
730 2193 808 2225 sine
839 2193 939 2225 vitiis
971 2195 1139 2235 oporteat
1169 2197 1246 2223 ante
1283 2202 1373 2224 corr.
1414 2191 1441 2222 G
1472 2188 1588 2232 (verba
1618 2192 1739 2222 omissa

223 2262 333 2293 opera
359 2250 533 2283 constitui
557 2255 634 2282 ante
660 2252 826 2291 oporteat
849 2251 1030 2281 inserenda
1054 2260 1160 2290 supra
1185 2249 1298 2280 miser.
1320 2246 1561 2287 GczHLle).
1589 2244 1607 2289 Π
1637 2247 1656 2278 2
1676 2249 1739 2278 aut

224 2308 330 2350 tingis
352 2308 356 2348 Ι
377 2312 454 2339 ante
479 2317 568 2338 corr.
596 2307 634 2338 G.
665 2303 680 2348 ΙΙ
712 2308 731 2337 3
756 2305 954 2337 mutandis:
987 2307 1035 2337 sic
1063 2306 1138 2339 GH.
1171 2303 1186 2347 Η
1219 2307 1275 2336 cst
1308 2303 1453 2335 eadem:
1482 2303 1531 2334 sic
1564 2303 1640 2334 GH.
1673 2300 1687 2344 Η
1719 2304 1739 2334 4

224 2364 298 2395 sint
323 2365 392 2396 ed.:
419 2366 502 2396 sunt
528 2362 603 2396 GH.
636 2359 650 2404 Η
682 2362 701 2393 5
727 2362 780 2393 ita
806 2371 898 2402 quac
926 2363 1032 2393 Plzz‘l.:
1064 2362 1188 2402 itaque
1217 2360 1293 2393 GH.
1324 2357 1341 2401 Ι]
1372 2358 1491 2391 solida
1514 2359 1606 2394 Joc.:
1633 2357 1739 2390 solidi

227 2421 303 2452 GH.
336 2417 351 2463 ΙΙ
382 2421 401 2451 6
427 2421 597 2462 poterunt
621 2419 691 2451 ed.:
718 2418 878 2460 poterint
905 2418 980 2449 GH.
1005 2417 1019 2460 Η
1043 2420 1062 2450 9
1080 2418 1173 2450 lacis
1192 2421 1270 2448 ante
1292 2426 1381 2448 corr.
1411 2415 1449 2448 G.
1471 2412 1486 2457 11
1509 2419 1548 2445 ut
1573 2415 1609 2445 H
1627 2413 1738 2456 (Llc):

224 2476 278 2508 uti
305 2476 341 2508 G.
373 2474 388 2519 [ἶ
420 2476 533 2518 primo
559 2475 670 2507 Marx:
704 2475 865 2515 proximo
894 2475 969 2506 GH.
1003 2472 1017 2517 l]
1056 2475 1095 2505 12
1121 2471 1275 2515 triper(p
1296 2472 1424 2513 G)tito:
1456 2472 1504 2502 sic
1532 2471 1608 2503 GH.
1647 2468 1662 2512 Η
1696 2471 1738 2502 13

227 2535 262 2564 et
287 2531 578 2574 magnificentia:
604 2531 652 2562 sic
671 2530 748 2562 GH.
773 2527 789 2573 H
812 2531 852 2562 14
877 2530 1153 2572 magnificentur
1176 2530 1214 2561 Il
1239 2527 1318 2569 (elz).
1340 2526 1355 2570 []
1380 2539 1401 2560 a
1426 2527 1560 2559 domini
1577 2527 1736 2558 ssIez’ster:

227 2588 371 2620 abonmi
398 2585 580 2630 (ablomni
604 2587 654 2626 H)
683 2586 757 2618 GH.
791 2584 806 2628 Η
839 2588 878 2618 16
904 2589 1073 2620 venuste:
1104 2587 1153 2618 sic
1177 2584 1275 2626 (—te
1304 2585 1340 2621 G,
1367 2587 1471 2616 —tae
1497 2582 1546 2623 H)
1576 2583 1641 2614 GH
1668 2581 1736 2623 (LI,

227 2645 413 2677 fcnfustae
432 2648 510 2676 ante
526 2653 597 2675 ras.
615 2653 642 2681 c,
661 2643 829 2674 fenustae
845 2642 926 2683 eelz).
950 2641 965 2685 [l
987 2641 1317 2684 proporticionibus
1346 2641 1383 2674 G.
1406 2638 1420 2682 Η
1452 2641 1492 2671 17
1519 2638 1634 2681 gloria
1661 2638 1738 2668 aria

227 2701 420 2733 architecti
448 2700 514 2732 GH
532 2698 619 2740 (Lllz,
646 2699 777 2730 —testi
800 2698 846 2740 c).
883 2701 971 2730 solus
999 2699 1043 2730 GC
1067 2699 1186 2730 delevit
1211 2697 1290 2729 aria
1323 2696 1398 2736 (sed
1420 2700 1452 2726 et
1476 2697 1509 2726 in
1535 2695 1571 2725 H
1594 2704 1737 2725 rasurae

226 2759 378 2798 vestigia,
406 2761 489 2789 teste
515 2754 687 2795 Miillero).
722 2752 737 2796 ΙΙ
776 2755 816 2786 18
854 2756 1083 2786 constiuntur
1113 2757 1190 2785 ante
1220 2754 1283 2793 ips.
1314 2762 1403 2784 corr.
1440 2751 1477 2783 G.
1515 2747 1530 2792 Ι]
1568 2750 1624 2781 1115
1661 2754 1738 2780 ante

226 2824 314 2844 corr.
337 2813 374 2844 G.
397 2811 412 2855 l}
437 2814 477 2844 19
495 2823 533 2844 se
550 2810 721 2844 consilia:
740 2811 935 2842 reconsilia
953 2815 1029 2842 ante
1044 2821 1134 2843 corr.
1151 2809 1187 2841 G.
1204 2806 1219 2851 Η
1241 2810 1282 2839 22
1301 2808 1348 2839 sit
1362 2807 1536 2838 futurum:
1555 2807 1604 2838 sic
1620 2806 1696 2837 GH.
1719 2804 1735 2846 lj

228 2868 408 2910 archi1tus
437 2869 473 2900 G.
506 2867 521 2910 Η
553 2870 594 2900 23
620 2866 797 2908 inceperit
822 2866 859 2897 Il
885 2866 944 2906 (le,
971 2866 1142 2907 inciperit
1171 2864 1235 2906 L):
1274 2862 1476 2904 incoeperit
1502 2862 1538 2894 G.
1570 2859 1584 2903 Η
1617 2862 1659 2893 26
1686 2861 1738 2893 fa-

227 2924 399 2957 ciundae:
426 2926 474 2956 sic
501 2925 576 2956 Gll.
610 2922 626 2966 ΙΙ
657 2921 923 2966 perselnspidc
949 2927 1026 2954 ante
1052 2933 1139 2954 corr.
1168 2918 1397 2963 (persclrlpsl
1415 2944 1421 2950 .
1441 2917 1500 2959 dc)
1530 2918 1566 2950 G.
