1899 3322
148 1816 168 1847 02

604 222 665 252 DE
698 220 1051 251 Aueffl'rEcTURA
1083 221 1173 251 ΜΒ.
1207 222 1286 250 vn.
1626 208 1706 250 155

187 324 523 382 expolitionibus
560 329 704 365 autem
744 337 889 363 eorum
927 324 990 364 uti
1021 323 1107 364 sint
1138 322 1356 378 elegantes
1388 329 1430 365 et
1461 322 1552 364 sine
1584 321 1705 363 vitiis

186 393 243 434 ad
274 397 548 446 vetustatem,
580 390 826 448 insequenti
856 390 1075 432 volumine
1107 405 1332 447 exponam.

541 596 814 645 LIBER
868 595 1343 645 SEPTIMUS.

300 721 486 762 Maiores
531 736 627 761 cum
665 721 882 777 sapienter
918 725 1008 760 tum
1048 719 1177 760 etiam
1215 717 1379 760 utiliter
1414 719 1708 772 instituerunt,

187 804 264 846 per
294 789 697 831 commentariorum
727 788 958 829 relationes
999 788 1187 842 cogitata
1217 787 1387 828 tradere
1417 788 1621 843 posteris,
1662 792 1708 828 ut
1735 802 1754 832 5

189 871 238 898 ea
269 873 357 899 non
388 857 615 898 interirent
646 857 721 898 scd
753 855 935 911 singulis
966 854 1180 897 aetatibus
1213 855 1451 896 crescentia
1482 853 1708 895 volumini-

188 924 268 966 bus
317 924 434 966 edita
477 925 693 980 gradatim
736 924 1013 981 pervenirent
1058 923 1349 964 vetustatibus
1396 923 1453 963 ad
1501 936 1709 963 summam

190 992 483 1034 doctrinarum
505 992 804 1034 subtilitatem.
856 992 1001 1047 itaque
1022 1006 1108 1033 non
1138 991 1376 1032 mediocres
1409 990 1485 1032 sed
1516 990 1710 1031 infinitae

190 1066 289 1102 sunt
325 1061 361 1101 is
397 1060 593 1116 agendae
631 1061 818 1116 gratiae,
859 1059 973 1115 quod
1011 1074 1097 1100 non
1133 1058 1350 1101 invidiose
1381 1058 1557 1100 silentes
1588 1072 1710 1115 prae-

188 1129 484 1182 termiserunt,
531 1128 608 1170 sed
653 1129 844 1170 omnium
888 1142 1094 1182 generum
1131 1141 1282 1168 sensus
1321 1125 1710 1183 conscriptionibus
1739 1140 1779 1171 10

190 1197 419 1238 memoriae
441 1195 673 1238 tradendos
696 1201 969 1237 curaverunt.
1019 1210 1204 1252 namque
1225 1196 1261 1237 si
1290 1209 1376 1236 non
1400 1195 1461 1237 ita
1492 1193 1710 1246 fecissent,

190 1279 275 1306 non
295 1265 586 1321 potuissemus
617 1265 726 1306 scire
758 1278 867 1321 quae
896 1278 964 1304 res
996 1264 1042 1304 in
1063 1263 1194 1305 Troia
1223 1262 1410 1304 fuissent
1440 1268 1602 1318 gestae,
1634 1275 1712 1302 nce

191 1332 295 1389 quid
326 1332 484 1374 Thales
515 1333 792 1374 Democritus
824 1332 1109 1386 Anaxagoras
1141 1330 1433 1387 Xenophanes
1472 1329 1712 1386 reliquique

190 1400 362 1457 physici
394 1401 632 1442 sensissent
663 1401 717 1442 de
747 1414 889 1441 rerum
920 1406 1074 1440 natura
1105 1413 1297 1455 quasque
1329 1398 1525 1439 Socrates
1558 1397 1712 1438 Platon

189 1467 448 1510 Aristoteles
498 1468 648 1510 Zenon
698 1468 913 1525 Epicurus
964 1466 1125 1523 aliique
1176 1465 1423 1522 philosophi
1466 1464 1712 1507 hominibus
1741 1479 1781 1511 15

190 1535 384 1591 agendae
413 1536 529 1577 vitae
558 1536 882 1577 terminationes
912 1535 1109 1576 finissent
1141 1548 1216 1576 seu
1246 1534 1430 1576 Croesus
1461 1532 1713 1574 Alexander

191 1604 353 1645 Darius
393 1604 609 1660 ceterique
646 1617 770 1658 reges
810 1617 914 1659 quas
953 1617 1022 1644 res
1053 1608 1126 1643 aut
1158 1601 1313 1658 quibus
1345 1601 1586 1642 rationibus
1617 1615 1711 1655 ges-

192 1673 348 1713 sissent
369 1671 553 1713 fuissent
574 1678 714 1725 notae,
744 1671 829 1712 nisi
860 1670 1042 1712 maiores
1073 1676 1400 1726 praeceptorum
1432 1668 1712 1724 comparatio-

191 1739 320 1781 nibus
351 1740 540 1781 omnium
570 1739 800 1780 memoriae
829 1738 884 1779 ad
915 1739 1211 1794 posteritatem
1243 1737 1558 1778 commentariis
1591 1742 1711 1777 extu-

192 1806 359 1848 lissent.
432 1807 577 1862 itaque
622 1806 983 1862 quemadmodum
1035 1805 1103 1846 his
1147 1805 1314 1860 gratiae
1359 1810 1458 1845 sunt
1502 1803 1711 1859 agendae,
1738 1821 1780 1852 ρο

194 1881 342 1917 contra
380 1875 454 1931 qui
494 1889 640 1916 eorum
677 1875 840 1931 scripta
877 1874 1069 1915 furantes
1101 1887 1178 1930 pro
1210 1873 1299 1914 suis
1332 1871 1583 1929 praedicant
1615 1878 1713 1914 sunt

286 2058 302 2088 1
330 2056 614 2099 expolitionibus
638 2057 706 2088 Le:
738 2056 1049 2100 expoliationibus
1078 2056 1143 2088 GH
1168 2053 1214 2097 (lc
1238 2060 1269 2088 et
1293 2061 1371 2088 ante
1395 2066 1486 2088 corr.
1512 2055 1571 2096 L).
1601 2053 1615 2098 Η
1651 2065 1713 2088 au-

193 2116 283 2145 tem:
313 2123 333 2146 κ
358 2116 435 2145 ante
460 2123 550 2147 corr.
579 2114 606 2145 G
632 2112 713 2155 (ant
736 2124 842 2155 supra
866 2124 932 2145 ser.
960 2112 1029 2154 Gv).
1061 2110 1075 2155 Η
1108 2113 1184 2145 uti:
1210 2115 1259 2144 sic
1286 2113 1361 2147 GH,

284 2203 444 2235 Vitruvii
466 2203 561 2236 liber
577 2203 638 2235 VI.
665 2202 804 2244 (sextus
821 2203 865 2244 L)
894 2202 1067 2245 explicit.
1087 2203 1219 2244 incipit
1243 2202 1337 2235 liber
1361 2202 1536 2243 septimus
1555 2201 1650 2241 (VII.
1671 2202 1711 2242 G)

198 2260 263 2289 GH
300 2258 360 2300 (L,
390 2259 542 2300 explicit
571 2259 666 2291 liber
702 2263 823 2292 sextus
853 2260 1174 2301 vitruvii.incipit
1209 2259 1302 2290 liber
1329 2259 1506 2299 septimus
1532 2260 1556 2294 l,
1591 2261 1713 2290 sextus

194 2315 289 2347 liber
314 2315 490 2356 explicit.
510 2315 642 2357 incipit
665 2316 840 2357 septimus
865 2326 891 2352 e,
916 2317 988 2347 sine
1014 2316 1062 2347 tit.
1088 2315 1135 2358 lt).

285 2395 305 2426 5
330 2396 387 2425 ut:
413 2395 462 2426 sic
489 2394 567 2428 GH.
598 2391 613 2436 Η
645 2395 664 2426 9
691 2393 746 2425 his
774 2393 849 2425 GH.
882 2391 896 2435 Η
930 2395 968 2424 ll
995 2394 1046 2425 ita
1078 2394 1130 2425 ita
1155 2394 1205 2426 bis
1232 2394 1276 2424 H.
1307 2391 1322 2436 Η
1360 2394 1398 2424 12
1424 2403 1492 2424 nec
1518 2392 1604 2433 quid
1638 2394 1710 2424 effi:

196 2449 329 2491 nequid
357 2450 432 2482 GH.
455 2447 470 2492 Η
493 2451 534 2482 13
559 2449 654 2481 tales
669 2454 745 2481 ante
762 2460 854 2481 corr.
874 2450 911 2480 H
927 2454 959 2481 et
978 2450 1007 2480 L
1027 2448 1078 2490 (l).
1103 2447 1118 2492 Η
1142 2460 1322 2482 anaxoras
1348 2450 1386 2481 elz
1401 2454 1431 2480 et
1450 2454 1527 2480 ante
1545 2460 1634 2482 corr.
1655 2451 1675 2482 I.
1696 2447 1709 2484 Ϊῑ

198 2508 238 2537 ll
264 2505 389 2548 platon
417 2530 451 2538 ..
471 2533 478 2539 .
505 2516 641 2538 zenon:
667 2506 717 2537 sic
744 2505 819 2537 GH.
848 2502 862 2547 Η
893 2506 932 2536 15
957 2515 1134 2546 epycurus
1163 2507 1201 2538 G.
1225 2504 1240 2547 Η
1262 2505 1467 2547 philorophi
1495 2504 1578 2545 (sine
1604 2503 1709 2545 corr.)

199 2564 237 2594 G.
276 2559 291 2604 Η
330 2563 371 2593 16
403 2561 568 2593 finissent
606 2562 683 2593 GH.
723 2560 737 2604 Η
777 2570 943 2593 eroessus
983 2560 1048 2591 GH
1079 2559 1190 2602 (LIc),
1228 2563 1291 2594 sed
1321 2572 1470 2593 coessus
1508 2566 1584 2592 ante
1621 2571 1710 2592 corr.

199 2619 235 2649 ll
260 2616 429 2659 (seuclro
457 2627 556 2650 essus
582 2623 659 2650 ante
685 2629 753 2650 ras.
782 2619 824 2654 G,
851 2616 1107 2649 seu'eroessus
1135 2618 1208 2660 Gc).
1238 2616 1253 2660 Η
1289 2620 1327 2650 17
1360 2628 1491 2658 quares
1517 2621 1594 2648 ante
1619 2628 1712 2648 corr.

200 2675 245 2705 ll.
278 2672 292 2716 Η
326 2676 366 2706 18
392 2674 550 2706 fuissent
567 2677 674 2706 notae
694 2675 729 2705 H
747 2673 800 2713 (le,
820 2676 929 2704 notae
950 2672 1105 2704 fuissent
1123 2674 1187 2715 L):
1214 2685 1283 2706 non
1304 2675 1460 2705 fuissent
1477 2677 1561 2714 note
1589 2671 1711 2715 (noctaeg

198 2735 276 2762 (mle
300 2730 406 2769 corr.)
434 2730 472 2762 G.
504 2726 519 2771 Η
550 2734 825 2772 praeceptorem
851 2733 928 2760 ante
952 2739 1042 2761 corr.
1072 2730 1116 2762 H.
1151 2728 1165 2772 Η
1198 2732 1239 2762 ‘20
1266 2731 1406 2770 itaque:
1435 2730 1491 2760 Ita
1517 2733 1594 2760 (mle
1619 2740 1709 2761 corr.

201 2785 237 2817 G.
271 2783 286 2828 Η
319 2785 471 2828 agendze
487 2811 494 2819 .
511 2790 636 2818 eontra
660 2786 709 2818 L:
748 2785 908 2827 agendq.
929 2784 932 2824 1
951 2788 1101 2817 econtra
1129 2786 1156 2818 G
1180 2785 1255 2826 (sed
1279 2786 1323 2815 (1³⁶
1345 2787 1377 2816 in
1398 2787 1465 2825 fine
1498 2795 1612 2816 versus
1633 2789 1712 2826 post

200 2841 340 2884 agenda
371 2843 451 2874 add.
484 2842 570 2883 sic),
604 2842 802 2884 agenduest
832 2844 961 2873 contra
985 2842 1024 2872 Il
1048 2841 1079 2882 (c
1104 2847 1137 2874 et
1161 2847 1238 2873 ante
1263 2852 1354 2873 cnr-r.
1381 2842 1411 2880 Ιι,
1437 2842 1513 2872 item
1536 2846 1614 2883 pose
1644 2842 1707 2883 ips.

199 2930 287 2952 corr.
315 2921 326 2951 l
350 2920 404 2952 ubi
426 2921 474 2952 sic
501 2921 641 2962 agenda
668 2899 709 2952 iiii
736 2924 874 2960 contra,
902 2919 1044 2963 agenda
1071 2932 1089 2953 e
1115 2924 1241 2952 contra
1266 2918 1326 2961 le‘2).
