1909 3322
219 625 239 656 5

196 895 246 926 IX

266 237 315 278 17
321 236 345 276 8
915 243 1121 274 VITRUVH

264 350 308 388 in
339 352 459 387 veste
498 346 713 387 intextum
752 350 816 385 est
853 359 1003 385 aurum
1042 358 1176 399 eaque
1207 344 1342 384 vestis
1383 344 1566 384 contrita
1603 349 1779 400 propter

264 420 524 454 vetustatem
554 427 679 453 usum
709 426 794 453 non
832 411 990 453 habeat
1026 411 1275 463 honestum,
1318 411 1450 466 panni
1488 411 1533 450 in
1570 410 1777 452 fictilibus

264 481 381 522 vasis
422 481 597 536 inpositi
638 494 766 535 supra
804 479 948 534 ignem
988 479 1310 520 comburuntur.
1378 478 1413 518 is
1453 477 1558 518 cinis
1599 478 1778 518 coicitur

262 549 306 588 in
337 562 514 603 aquam,
547 553 589 588 et
618 547 794 588 additur
825 561 873 587 eo
904 552 1130 601 argentum
1160 545 1324 585 vivum.
1384 543 1430 585 id
1460 551 1601 585 autem
1632 559 1777 586 omnes

264 616 396 656 micas
428 616 522 656 auri
553 615 729 670 corripit
759 615 803 655 in
825 628 871 654 se
903 619 944 654 et
975 614 1091 668 cogit
1122 626 1267 653 secum
1298 613 1425 653 coire.
1485 626 1595 667 aqua
1626 611 1779 653 defusa

263 698 359 723 cum
381 682 425 723 id
447 683 493 722 in
523 696 712 739 pannum
733 680 977 722 infunditur
999 685 1039 719 et
1061 678 1123 720 ibi
1144 678 1342 720 manibus
1374 680 1597 735 premitur,
1627 694 1778 735 argen-

262 757 353 791 tum
374 764 451 806 per
471 750 604 806 panni
623 749 820 789 raritates
842 753 1017 804 propter
1038 746 1247 802 liquorem
1269 752 1394 787 extra
1422 745 1596 801 labitur,
1627 762 1777 789 aurum

265 818 583 874 compressione
614 821 807 857 coactum
838 816 953 855 intra
983 828 1138 868 purum
1169 814 1403 854 invenitur.

376 885 588 926 Revertar
607 898 720 924 nunc
741 882 796 923 ad
826 881 950 922 minii
979 886 1329 936 temperaturam.
1380 883 1499 937 ipsae
1521 882 1634 922 enim
1662 881 1776 937 glae-

202 963 241 993 10
266 953 346 993 bae
368 967 462 993 cum
486 957 584 993 sunt
604 950 772 1003 aridae,
806 947 1128 990 contunduntur
1149 947 1249 1003 pilis
1271 948 1448 1002 ferreis,
1481 955 1522 989 et
1541 948 1778 990 lotionibus

197 1299 237 1328 15

196 1635 239 1664 ‘20

266 1027 307 1060 et
339 1019 523 1061 cocturis
547 1018 708 1059 crebris
731 1016 893 1058 relictis
918 1015 1178 1056 stercoribus
1203 1015 1448 1056 efficiuntur
1468 1022 1515 1057 ut
1544 1016 1781 1057 adveniant

265 1087 441 1128 colores.
513 1101 609 1127 cum
642 1099 742 1139 ergo
782 1084 962 1124 emissae
994 1083 1080 1123 sint
1119 1097 1173 1123 ex
1202 1083 1335 1124 minio
1375 1097 1451 1139 per
1487 1084 1656 1138 argenti
1686 1085 1779 1125 vivi

264 1154 532 1195 relictionem
564 1166 668 1208 quas
700 1152 744 1192 in
776 1166 820 1191 se
851 1149 1066 1191 naturales
1105 1149 1312 1191 habuerat
1342 1151 1548 1203 virtutes,
1593 1150 1779 1193 efficitur

266 1228 413 1261 tenera
442 1226 596 1261 natura
628 1225 668 1260 et
699 1218 866 1259 viribus
897 1216 1125 1258 inbecillis.
1185 1218 1330 1273 itaque
1353 1232 1449 1258 cum
1478 1223 1542 1259 est
1572 1219 1616 1259 in
1648 1233 1776 1274 expo-

264 1288 487 1330 litionibus
520 1286 788 1328 conclavium
826 1285 951 1326 tectis
990 1285 1237 1338 inductum,
1276 1290 1498 1340 permanet
1537 1285 1628 1326 sine
1658 1286 1778 1326 vitiis

263 1371 338 1396 suo
377 1355 529 1396 colore.
597 1354 757 1410 apertis
791 1367 893 1393 vero
924 1353 969 1393 id
1008 1358 1072 1393 est
1110 1350 1349 1408 peristyliis
1385 1358 1460 1392 aut
1498 1353 1669 1394 exedris
1707 1359 1780 1394 aut

265 1423 417 1464 ceteris
442 1420 772 1462 eiusdemmodi
804 1419 930 1473 locis,
964 1434 1046 1475 quo
1068 1419 1131 1460 sol
1162 1425 1203 1460 et
1234 1418 1334 1459 luna
1361 1421 1499 1475 possit
1529 1419 1778 1475 splendores

265 1496 306 1531 ct
336 1489 480 1530 radios
512 1489 753 1540 inmittere,
793 1502 889 1529 cum
920 1487 974 1528 ab
1012 1486 1080 1527 his
1119 1486 1236 1528 locus
1274 1487 1486 1541 tangitur,
1526 1488 1706 1528 vitiatur
1738 1494 1779 1528 ct

262 1557 420 1597 amissa
458 1557 618 1597 virtute
649 1554 803 1596 coloris
835 1554 1102 1608 denigratur.
1163 1554 1308 1609 itaque
1339 1568 1434 1594 cum
1466 1560 1507 1595 et
1543 1554 1617 1595 alii
1655 1554 1779 1596 multi

263 1630 353 1664 tum
385 1624 513 1664 etiam
545 1622 755 1663 Faberius
779 1621 921 1663 scriba
950 1636 1045 1662 cum
1076 1622 1121 1661 in
1142 1621 1361 1662 Aventino
1383 1620 1592 1663 voluisset
1621 1622 1778 1662 habere

264 1691 436 1731 domum
459 1690 677 1744 eleganter
698 1689 946 1745 expolitam,
974 1687 1213 1744 peristyliis
1234 1689 1419 1744 parietes
1441 1703 1586 1730 omnes
1607 1689 1779 1730 induxit

264 1759 419 1811 minio,
453 1758 526 1813 qui
548 1763 644 1812 post
667 1757 759 1797 dies
782 1768 878 1797 XXX
899 1755 1000 1796 facti
1026 1762 1125 1796 sunt
1146 1756 1374 1797 invenusto
1396 1757 1602 1812 varioque
1623 1757 1776 1798 colore.

266 1826 411 1880 itaque
442 1826 579 1880 primo
610 1824 769 1865 locavit
799 1822 1066 1864 inducendos
1087 1823 1194 1863 alios
1217 1822 1392 1865 colores.
1442 1830 1486 1865 at
1517 1825 1552 1865 si
1575 1824 1648 1879 qui
1679 1823 1776 1864 sub-

264 1892 384 1932 tilior
428 1892 559 1933 fucrit
595 1898 636 1933 et
680 1891 865 1933 volucrit
896 1890 1203 1946 expolitionem
1231 1890 1485 1931 miniaceam
1515 1906 1637 1932 suum
1666 1891 1776 1932 colo-

198 1970 235 1999 -f
266 1975 353 1999 rom
386 1960 592 2012 retinere,
633 1973 728 1999 cum
767 1959 907 2013 paries
939 1957 1154 2014 expolitus
1195 1963 1236 1999 ct
1267 1957 1413 2000 aridus
1444 1958 1596 2012 fuerit,
1636 1973 1776 1999 ceram

358 2142 368 2171 1
400 2142 500 2171 veste
527 2140 596 2171 eth:
623 2141 725 2170 vesto
749 2138 853 2169 EGH
877 2138 932 2178 (lc,
951 2140 1088 2170 vestem
1106 2138 1165 2179 L).
1185 2136 1200 2180 Η
1231 2139 1388 2170 contrita
1407 2139 1470 2170 EG
1496 2138 1573 2179 (L):
1602 2140 1778 2171 constr-ita

269 2196 302 2227 ΙΙ
329 2195 422 2237 (Veh,
449 2195 647 2227 constricta
671 2195 708 2225 11⁶
732 2199 763 2225 et
796 2199 873 2225 mlle
897 2205 987 2227 corr.
1014 2194 1050 2235 I).
1078 2192 1092 2236 ΙΙ
1121 2196 1140 2226 3
1171 2194 1269 2226 varis
1292 2199 1369 2226 ante
1392 2206 1481 2227 corr.
1516 2195 1542 2225 G
1575 2194 1652 2235 (non
1677 2194 1736 2235 E).
1760 2195 1773 2235 ll

268 2253 421 2282 coicitur
448 2251 611 2288 (coititur
635 2254 712 2281 (mle
737 2260 827 2282 corr.
855 2249 896 2290 G)
922 2250 1001 2281 EG:
1035 2250 1191 2290 coigitur
1218 2251 1255 2280 H
1278 2249 1338 2290 (le,
1371 2251 1512 2292 cogitur
1539 2250 1593 2290 L).
1627 2249 1641 2292 Η
1669 2252 1689 2280 4
1717 2261 1776 2282 eo:

266 2309 314 2337 sie
343 2308 441 2338 Elr'll
467 2307 527 2347 (ef,
542 2319 577 2348 11.
598 2308 673 2345 179,
694 2308 734 2336 16
751 2311 783 2337 el
801 2307 876 2341 182,
896 2308 954 2337 23.
983 2306 1090 2337 Hand
1110 2306 1206 2337 Ten-s.
1227 2306 1280 2342 II,
1306 2305 1398 2346 418).
1421 2303 1436 2348 Ι]
1459 2307 1572 2338 omnis
1599 2307 1634 2337 H
1659 2305 1740 2347 (ch).
1760 2305 1774 2347 l}

267 2366 287 2393 Γ)
304 2363 441 2393 >defusa
465 2363 557 2394 doaz
590 2361 721 2392 diffusa
745 2361 847 2392 EGH
872 2361 948 2400 (Le,
975 2361 1095 2393 difusa
1119 2360 1156 2403 l).
1190 2359 1205 2403 ll
1238 2363 1279 2392 10
1304 2361 1570 2392 contunduntur
1599 2361 1682 2403 pilis
1710 2362 1776 2393 fer-

268 2420 338 2449 reis
364 2422 399 2449 et
425 2418 637 2449 lotionibus:
670 2418 719 2447 sie
745 2417 856 2447 ΕΘΗ.
890 2415 905 2459 Η
939 2418 975 2447 11
1005 2416 1225 2448 efficiuntur:
1256 2418 1305 2448 sic·
1329 2417 1443 2450 ΕΘΗ.
1476 2415 1490 2459 Η
1523 2417 1694 2449 adveniat
1719 2428 1779 2448 co·-

268 2475 361 2505 lores
387 2475 419 2505 Ε
452 2472 564 2513 (color
596 2473 672 2505 eius
698 2472 774 2512 EC).
807 2471 821 2515 Η
862 2475 900 2504 12
928 2474 1083 2504 emissae
1109 2474 1183 2504 sint
1215 2471 1313 2513 (sunt
1343 2472 1476 2511 Selom:
1516 2473 1649 2505 emissa
1681 2476 1778 2504 esset

269 2530 378 2561 Emi.
402 2527 416 2572 Η
440 2540 483 2560 ex
500 2529 609 2559 minio
634 2528 749 2561 Selom
783 2540 825 2560 ex
851 2530 951 2559 minii
977 2528 1087 2568 (——nii
1109 2528 1186 2568 ΙΙΙ)
1213 2528 1325 2560 EGH.
1358 2526 1372 2570 ΙΙ
1406 2530 1446 2560 13
1477 2530 1597 2560 insese
1623 2529 1666 2561 E.
1694 2526 1709 2570 ΙΙ
1738 2530 1778 2559 14

268 2586 467 2618 inbecillis:
493 2586 543 2616 sic
567 2585 680 2615 EGJJ.
712 2582 727 2626 ΙΙ
763 2586 801 2615 15
826 2587 1031 2626 permanet:
1063 2594 1225 2625 pesonan
1252 2583 1280 2614 &
1306 2584 1338 2614 Ε
1364 2583 1451 2624 (sie),
1485 2582 1500 2625 [Ι
1539 2585 1579 2615 16
1610 2584 1778 2615 exhedris

271 2642 380 2673 lvlsill.
409 2638 423 2682 Η
457 2642 496 2672 17
523 2642 654 2682 ceetris
682 2641 719 2671 G.
753 2638 767 2682 ΙΙ
800 2640 959 2671 ciusdem
984 2639 1096 2671 modi:
1122 2641 1170 2671 sia
1197 2640 1306 2671 EGH.
1339 2638 1353 2681 Η
1386 2650 1489 2681 posse
1516 2641 1558 2673 E.
1591 2637 1607 2681 Η
1641 2640 1680 2670 18
1705 2640 1777 2670 his:

266 2698 314 2727 sie
340 2697 451 2727 EGH.
488 2694 504 2737 Η
541 2698 579 2727 19
605 2697 737 2727 virtute
767 2697 865 2727 EGH
897 2696 951 2736 (L,
977 2696 1132 2728 virtutes
1156 2695 1211 2735 la).
1245 2693 1259 2736 Η
1290 2697 1333 2726 20
1365 2695 1536 2727 aventino
1562 2695 1608 2727 L:
1643 2694 1779 2726 adven-

268 2753 342 2782 tino
369 2753 470 2782 Elill
497 2750 566 2793 (le).
594 2749 609 2793 ΙΙ
639 2753 679 2783 21
709 2751 906 2782 introduxit
933 2752 959 2781 G
985 2752 1063 2791 (mm
1089 2750 1146 2791 E).
1169 2749 1184 2793 ΙΙ
1206 2752 1248 2781 22
1274 2751 1372 2781 XXX
1401 2751 1466 2781 (J'H
1491 2749 1599 2789 (Lle):
1627 2751 1777 2791 triginta

271 2808 309 2837 E.
343 2806 357 2848 ΙΙ
388 2810 430 2839 23
456 2811 493 2838 at.
520 2808 546 2837 [ι’
572 2806 651 2848 (L):
681 2807 725 2838 ad
753 2807 786 2837 ll
811 2806 882 2848 (le).
915 2805 929 2849 Η
962 2808 1037 2847 qui:
1063 2810 1111 2838 sie
1138 2806 1246 2838 EGH.
1278 2804 1293 2848 Η
1324 2807 1366 2837 24
1391 2806 1597 2837 miniaciam
1623 2806 1735 2839 EGH.
1758 2806 1771 2846 *l

267 2864 309 2892 25
336 2863 456 2893 aridus
489 2863 597 2894 suerit
626 2887 656 2894 ..
678 2890 684 2895 .
711 2863 801 2896 dtu-,z
842 2862 963 2893 aridus
997 2861 1069 2903 [est
1101 2863 1306 2894 subcretum
1419 2862 1530 2895 EGH.
1571 2863 1636 2895 vid.
1668 2863 1713 2893 acl
1741 2872 1775 2902 p.

268 2918 341 2949 175.
370 2920 411 2948 22
437 2924 469 2949 et
494 2921 566 2956 177,
594 2921 645 2949 10.
