1909 3322
181 626 200 655 5

161 964 174 992 '1
182 966 202 993 Ο

164 1302 202 1330 lo

163 2312 205 2340 34)

229 234 283 275 34
878 238 1087 270 VITRUVII

229 345 455 387 concilium
487 350 527 384 et
558 341 780 383 convictus
813 348 926 383 esset
955 348 1096 395 natus,
1128 348 1170 382 et
1200 342 1244 382 in
1272 356 1405 382 unum
1436 339 1575 382 locum
1606 339 1749 397 plures

229 414 506 454 convenirent
543 410 750 451 habentes
787 409 842 450 ab
880 415 1033 450 natura
1079 410 1318 466 praemium
1365 414 1535 465 praeter
1583 409 1750 465 reliqua

227 480 428 521 animalia
464 485 512 519 ut
547 493 634 519 non
672 477 795 533 proni
842 476 918 518 sed
957 477 1088 517 erecti
1125 475 1394 517 ambularent
1431 476 1668 532 mundique
1709 483 1751 517 et

226 554 438 588 astrorum
475 545 841 600 magnificentiam
877 545 1141 600 aspicerent,
1189 545 1294 585 item
1331 543 1531 584 manibus
1575 550 1616 584 et
1647 544 1749 584 arti-

226 614 332 655 culis
363 628 491 669 quam
522 612 684 653 vellent
714 626 803 653 rem
840 611 1027 653 faciliter
1063 618 1318 665 tractarent,
1359 617 1592 667 coeperunt
1622 611 1668 651 in
1699 626 1748 652 eo

227 688 351 723 coetu
380 680 454 721 alii
486 681 539 721 de
569 680 722 721 fronde
760 679 902 720 facere
939 686 1072 732 tecta,
1111 679 1187 720 alii
1227 678 1452 735 speluncas
1491 678 1640 720 fodere
1672 678 1751 719 sub

228 749 461 802 montibus,
493 747 688 789 nonnulli
718 747 999 788 hirundinum
1028 747 1154 787 nidos
1181 754 1227 802 ‘et
1257 747 1579 787 aedificationes
1606 761 1751 787 earum

227 818 449 858 imitantes
482 816 534 856 de
566 815 655 857 luto
688 822 729 856 et
761 814 944 869 virgulis
967 814 1109 855 facere
1138 814 1229 855 loca
1252 828 1362 870 quae
1388 814 1598 855 subirent.
1648 821 1751 854 tunc

227 885 509 927 observantes
540 882 681 924 aliena
710 889 825 923 tecta
857 889 898 923 et
928 883 1164 923 adicientes
1196 883 1284 922 suis
1317 881 1653 936 cogitationibus
1682 896 1750 922 res

227 967 383 1004 novas,
417 951 663 992 efficiebant
693 951 738 990 in
769 949 860 990 dies
892 949 1070 991 meliora
1099 964 1257 1004 genera
1288 964 1496 990 casarum.
1558 964 1654 991 cum
1686 964 1749 990 es-

230 1027 324 1061 sent
361 1029 505 1061 autem
546 1018 739 1059 homines
779 1016 983 1058 imitabili
1021 1016 1237 1072 docilique
1274 1024 1449 1071 natura,
1491 1017 1649 1058 cotidie
1687 1017 1749 1057 in—

230 1087 506 1128 ventionibus
556 1085 789 1140 gloriantes
839 1084 948 1125 alius
999 1083 1073 1125 alii
1123 1085 1408 1126 ostendebant
1455 1084 1750 1126 aedificiorum

230 1156 426 1208 effectus,
469 1161 509 1194 et
540 1155 600 1194 ita
633 1158 882 1193 exercentes
914 1152 1090 1206 ingenia
1121 1152 1431 1194 certationibus
1463 1153 1508 1192 in
1540 1152 1631 1193 dies
1662 1167 1749 1192 me—

228 1222 406 1263 lioribus
444 1221 616 1261 iudiciis
655 1219 965 1260 efficiebantur.
1034 1220 1306 1275 primumque
1344 1219 1476 1261 furcis
1517 1221 1669 1261 erectis
1709 1227 1749 1261 et

185 1303 197 1318 ¹·
229 1289 411 1344 virgulis
443 1288 710 1344 interpositis
742 1286 832 1327 luto
862 1288 1048 1343 parietes
1078 1293 1294 1327 texerunt.
1344 1287 1419 1327 alii
1440 1287 1578 1328 luteas
1599 1287 1749 1343 glebas

229 1356 514 1397 arefacientes
554 1355 777 1396 struebant
815 1356 1022 1410 parietes,
1061 1355 1242 1395 materia
1282 1369 1352 1396 eos
1383 1356 1748 1409 iugumentantes,

229 1424 491 1479 vitandoque
522 1423 681 1463 imbres
713 1430 754 1462 et
784 1429 928 1463 aestus
956 1422 1161 1476 tegebant
1182 1422 1496 1463 harundinibus
1520 1430 1561 1463 et
1582 1423 1747 1464 fronde.

230 1498 507 1547 posteaquam
546 1505 621 1546 pcr
659 1490 860 1531 hibernas
905 1496 1183 1545 tempestates
1228 1495 1341 1530 tecta
1387 1505 1472 1531 non
1519 1497 1744 1546 potuerunt

230 1559 388 1600 imbres
421 1559 651 1610 sustinere,
691 1557 867 1611 fastigia
898 1557 1105 1597 facientes
1138 1557 1227 1597 luto
1258 1556 1458 1610 inducto,
1498 1557 1747 1613 proclinatis

163 1644 170 1651 ·
228 1627 354 1667 tectis
385 1625 604 1666 stillicidia
636 1624 920 1665 deducebant.

342 1693 463 1734 Haec
492 1699 632 1732 autem
666 1707 719 1732 ex
750 1693 787 1732 is
827 1707 934 1747 quae
973 1707 1103 1748 supra
1141 1693 1326 1748 scriptae
1367 1699 1467 1733 sunt
1505 1694 1745 1748 originibus

231 1762 428 1801 instituta
457 1775 550 1800 esse
580 1774 805 1815 possumus
836 1761 898 1800 sic
919 1760 1265 1800 animadvertere
1287 1760 1401 1816 quod
1421 1760 1476 1801 ad
1498 1761 1611 1801 hunc
1632 1761 1746 1801 diem

230 1828 474 1869 nationibus
518 1828 678 1867 exteris
719 1842 772 1867 ex
811 1826 877 1866 his
915 1828 1043 1867 rebus
1081 1827 1279 1868 aedificia
1310 1829 1645 1881 constituantur,
1683 1830 1748 1869 uti

231 1895 373 1936 Grallia
408 1895 617 1950 Hispania
642 1895 864 1935 Lusitania
888 1895 1138 1950 Aquitania,
1180 1894 1398 1935 scandulis
1430 1895 1642 1937 robusteis
1673 1903 1746 1937 aut

230 1963 488 2003 stramentis.
547 1961 661 2017 apud
692 1963 908 2002 nationem
941 1962 1197 2003 Colchorum
1227 1964 1269 2002 in
1302 1962 1438 2004 Ponto
1469 1970 1643 2019 propter
1674 1964 1744 2004 sil-

231 2045 382 2070 varum
427 2029 736 2069 abundantiam
782 2029 1006 2070 arboribus
1048 2031 1271 2086 *perpetuis
1317 2029 1456 2086 planis
1503 2030 1658 2071 dextra
1696 2046 1744 2071 ac

232 2098 406 2137 sinistra
444 2097 488 2136 in
525 2103 639 2136 terra
677 2097 849 2151 positis,
889 2098 1027 2153 spatio
1065 2098 1177 2138 inter
1208 2112 1276 2139 eas
1307 2092 1648 2153 relicto'quanto
1679 2114 1743 2139 ar-

231 2165 381 2205 borum
421 2163 712 2218 longitudines
750 2165 992 2219 patiuntur,
1032 2164 1308 2207 conlocantur
1337 2166 1383 2206 in
1413 2167 1618 2207 extremis
1649 2181 1743 2222 par-

230 2232 346 2272 tibus
379 2245 521 2271 carum
562 2245 690 2286 supra
726 2230 884 2271 alterae
921 2239 1194 2273 transversae
1206 2265 1217 2286 ,
1257 2248 1365 2288 quae
1401 2233 1745 2275 circumcludunt

229 2298 417 2339 medium
447 2299 631 2353 spatium
662 2298 957 2340 habitationis.
1016 2308 1106 2357 tum
1138 2302 1312 2356 insuper
1340 2301 1516 2342 alternis
1546 2301 1742 2342 trabibus

231 2382 283 2406 cx
322 2372 523 2422 quattuor
561 2366 753 2420 partibus
792 2367 970 2419 angulos
1010 2369 1357 2422 iugumentantes
1397 2375 1437 2409 et
1467 2370 1528 2409 ita
1558 2369 1742 2424 parietes

319 2563 338 2591 4
365 2559 531 2592 astIculis
559 2560 595 2590 G.
624 2557 638 2601 ΙΙ
672 2561 711 2590 12
739 2559 831 2591 alius
859 2561 970 2601 <ems
988 2568 1066 2594 ante
1090 2562 1248 2602 corr-‚ID
1275 2563 1339 2595 alii
1366 2563 1431 2594 GH
1445 2562 1541 2605 (Ll):
1569 2562 1632 2594 alii
1658 2562 1741 2596 aliis

231 2629 296 2658 mu
324 2629 367 2659 σε
393 2612 628 2668 (ὃῑιῃξηιιιῐ),
657 2626 739 2657 aliis
766 2628 831 2658 alu
863 2630 911 2659 esc.
951 2627 965 2671 Η
1004 2632 1045 2661 14
1076 2630 1221 2662 indiciis
1249 2631 1288 2662 G.
1327 2629 1341 2672 ιι
1378 2632 1419 2662 21
1447 2631 1494 2662 is:
1527 2631 1583 2662 his
1617 2631 1694 2665 GH.
1721 2631 1737 2672 1!

234 2683 392 2724 scriptae
420 2684 524 2714 Laet:
557 2683 695 2723 scripta
729 2684 803 2713 GH.
843 2682 857 2725 Η
895 2686 1051 2726 orig-inii)
1086 2686 1162 2726 (om.
1188 2686 1396 2727 compendio)
1427 2687 1465 2720 G.
1503 2685 1517 2728 Η
1556 2688 1597 2718 23
1629 2687 1684 2718 his
1713 2689 1740 2716 (ι’

234 2761 318 2791 “hiis
346 2762 391 2793 Ge
414 2767 449 2793 uc
472 2760 592 2802 solct):
625 2761 668 2792 iis
694 2766 771 2792 {mle
796 2772 886 2795 corr.
921 2739 1126 2806 (li1szhis
1159 2764 1235 2806 Llc)
1269 2765 1317 2799 Η,
1355 2763 1371 2807 Η
1409 2765 1678 2796 constituantur
1702 2766 1742 2795 H

234 2817 343 2852 ‹lh->1
372 2820 523 2849 —nntur
550 2818 588 2850 G.
623 2815 636 2859 ΙΙ
667 2818 721 2847 uti
746 2818 860 2858 gallia
886 2821 1014 2859 spania
1047 2819 1206 2862 (ispania
1232 2822 1301 2860 HC,
1327 2821 1500 2861 hispania
1525 2820 1601 2862 Llc)
1623 2821 1697 2851 GH.
1722 2822 1735 2862 ἓξ

232 2873 268 2901 24
290 2874 489 2911 wquitania
510 2874 547 2905 (ι’.
573 2871 587 2916 Η
616 2873 802 2904 scandulis
824 2875 865 2903 (iz
893 2876 1077 2906 scandalis
1094 2877 1128 2907 H
1148 2876 1247 2917 (Lle).
1277 2873 1292 2918 Η
1319 2877 1360 2907 ‘27
1380 2879 1532 2917 quanto:
1557 2878 1605 2907 sie
1626 2877 1699 2907 (iH.
1722 2878 1735 2917 3}

231 2930 272 2957 30
298 2931 368 2957 tum
398 2929 432 2958 ll
456 2929 562 2970 (lm->1
589 2932 675 2960 tunc
703 2930 739 2960 (i.
