1909 3322
129 963 169 993 10

120 1165 169 1195 IX

127 1300 167 1331 15

129 1976 147 2005 N>

153 1975 171 2004 0·-

199 234 278 275 146
847 241 1057 271 vrrnuvn

196 350 477 401 comparatae,
511 342 625 398 quod
656 343 701 383 in
731 342 930 384 domibus
963 357 1108 384 eorum
1139 343 1310 398 saepius
1344 349 1385 383 et
1415 342 1588 398 publica
1619 357 1716 384 con-

196 413 292 454 silia
331 418 372 452 et
402 411 574 467 privata
604 410 766 451 iudicia
795 410 1059 467 arbitriaque
1091 410 1389 452 conficiuntur.
1451 424 1551 465 ergo
1583 411 1620 451 si
1650 410 1716 451 his

194 480 432 521 rationibus
479 479 536 519 ad
581 477 848 533 singulorum
891 492 1098 533 generum
1143 491 1370 534 personas,
1416 478 1481 518 uti
1524 478 1570 518 in
1606 477 1717 518 libro

194 548 332 604 primo
371 546 425 587 de
463 545 616 587 decore
655 552 719 587 est
750 546 978 603 scriptum,
1019 546 1080 586 ita
1111 545 1322 600 disposita
1353 550 1477 586 erunt
1507 544 1716 599 aedificia,

192 630 278 656 non
316 614 397 655 erit
429 613 542 670 quod
571 614 926 670 reprehendatur.
985 612 1206 653 habebunt
1245 613 1358 652 enim
1387 612 1443 652 ad
1474 626 1620 654 omnes
1650 626 1717 653 res

195 681 439 724 commodas
478 688 520 723 et
557 681 804 723 emendatas
837 680 1167 736 explicationes.
1228 693 1374 720 earum
1405 686 1548 721 autem
1577 694 1719 720 rerum

192 765 278 792 non
323 749 460 791 solum
505 755 629 790 erunt
666 750 712 789 in
749 749 855 790 urbe
891 747 1202 789 aedificiorum
1222 748 1431 801 rationes,
1471 747 1547 789 sed
1589 748 1718 789 etiam

191 819 301 871 ruri,
340 824 643 874 praeterquam
681 816 795 872 quod
833 817 878 856 in
909 814 1013 856 urbe
1043 815 1153 856 atria
1183 816 1381 872 proxima
1410 816 1550 856 ianuis
1583 814 1720 856 solent

195 900 309 938 esse,
354 886 445 926 ruri
493 891 636 925 autem
680 883 1022 940 pseudourbanis
1070 883 1216 924 statim
1262 882 1513 939 peristylia,
1561 881 1718 923 deinde

194 961 298 995 tunc
335 954 446 993 atria
476 952 681 993 habentia
712 952 873 992 circum
903 951 1093 1007 porticus
1125 951 1443 1007 pavimentatas
1473 956 1718 1007 spectantes

195 1021 250 1061 ad
281 1020 518 1077 palaestras
552 1026 593 1060 et
623 1018 951 1060 ambulationes.

308 1088 463 1140 Quoad
508 1088 628 1143 potui
671 1086 858 1127 urbanas
903 1087 1092 1128 rationes
1130 1085 1426 1127 aedificiorum
1472 1076 1717 1127 su'mmatim

194 1155 484 1212 perscribere,
523 1155 748 1211 proposui,
788 1168 901 1195 nunc
932 1155 1187 1195 rusticorum
1222 1153 1523 1210 expeditiones
1553 1159 1602 1194 ut
1632 1154 1719 1194 sint

194 1223 249 1263 ad
290 1238 415 1263 usum
447 1222 670 1264 commoda
709 1221 951 1277 quibusque
990 1221 1232 1263 rationibus
1272 1220 1493 1262 conlocare
1524 1226 1719 1277 oporteat

193 1305 242 1331 ea
272 1290 426 1331 dicam,

306 1358 501 1399 Primum
546 1357 600 1397 de
646 1356 995 1410 salubritatibus,
1041 1357 1105 1397 uti
1150 1357 1193 1397 in
1230 1356 1368 1413 primo
1405 1354 1625 1396 volumine
1665 1354 1718 1395 de

192 1426 416 1467 moenibus
457 1423 732 1466 conlocandis
772 1425 979 1480 scriptum
1019 1430 1103 1477 est,
1144 1424 1340 1479 regiones
1379 1423 1646 1478 aspiciantur
1677 1429 1719 1464 et

192 1494 254 1534 ita
284 1492 415 1534 villae
447 1491 736 1534 conlocentur.
803 1491 1125 1546 magnitudines
1159 1506 1303 1531 earum
1333 1490 1389 1531 ad
1419 1490 1594 1531 modum
1624 1492 1719 1545 agri

195 1561 426 1616 copiasque
472 1559 687 1601 fructuum
734 1566 1047 1615 comparentur.
1129 1566 1267 1601 cortes
1312 1558 1719 1614 magnitudinesque

198 1643 344 1668 earum
388 1627 444 1668 ad
489 1642 691 1683 pecorum
734 1641 959 1667 numerum
997 1633 1126 1682 atque
1164 1632 1267 1682 quot
1304 1627 1406 1680 iuga
1444 1624 1574 1666 boum
1612 1641 1716 1682 opus

196 1695 329 1736 fucrit
366 1695 429 1735 ibi
461 1695 649 1747 versari,
691 1695 752 1735 ita
781 1694 998 1735 finiantur.
1059 1695 1105 1734 in
1136 1700 1251 1735 corte
1284 1692 1426 1733 culina
1457 1707 1584 1748 quam
1616 1692 1716 1733 cali-

197 1762 375 1803 dissimo
403 1761 512 1803 *loco
561 1762 832 1816 designetur,
880 1763 1296 1804 coniunctaautem
1340 1760 1499 1801 habeat
1536 1759 1716 1813 bubilia,

196 1845 375 1886 quorum
414 1830 639 1885 praesepia
676 1829 731 1869 ad
769 1829 911 1870 focum
950 1835 991 1870 et
1028 1830 1206 1871 orientis
1239 1826 1346 1869 caeli
1375 1828 1594 1882 regionem
1624 1842 1716 1884 spe-

197 1904 334 1950 ctent,
390 1896 487 1937 ideo
536 1896 650 1952 quod
698 1896 831 1938 boves
879 1896 1022 1938 lumen
1068 1904 1107 1937 et
1153 1897 1298 1951 ignem
1343 1895 1576 1952 spectando
1621 1895 1716 1937 hor-

197 1964 282 2005 ridi
312 1978 397 2004 non
443 1963 564 2004 fiunt.
632 1964 736 2004 item
766 1963 983 2019 agricolae
1014 1965 1237 2018 regionum
1274 1963 1403 2019 periti
1442 1978 1527 2005 non
1564 1969 1717 2019 putant

197 2036 394 2088 oportere
423 2030 552 2071 aliam
583 2031 802 2084 regionem
834 2030 941 2071 caeli
971 2031 1104 2072 boves
1138 2037 1333 2086 spectare
1363 2031 1449 2071 nisi
1480 2037 1620 2072 ortum
1650 2045 1715 2072 so-

197 2098 264 2139 lis.
311 2097 522 2139 bubilium
552 2104 693 2138 autem
726 2097 885 2138 debent
916 2089 1009 2139 esse
1040 2097 1290 2139 latitudines
1321 2111 1399 2138 nec
1429 2098 1614 2139 minores
1645 2112 1715 2153 pe-

199 2165 300 2206 dum
340 2165 495 2206 denum
534 2179 613 2205 nec
651 2166 832 2206 maiores
865 2166 1148 2220 quindenum,
1188 2164 1413 2219 longitudo
1450 2165 1515 2206 uti
1545 2165 1716 2220 singula

197 2234 299 2287 iuga
330 2248 381 2273 ne
412 2233 554 2273 minus
585 2239 792 2288 occupent
823 2232 954 2288 pedes
986 2240 1200 2289 septenos.
1245 2231 1465 2273 balnearia
1485 2233 1588 2273 item
1617 2246 1712 2274 con-

289 2372 308 2401 2
335 2368 576 2401 conficiuntur
594 2367 704 2409 (-t“’)
723 2370 761 2399 H
778 2368 869 2408 (—t2'
897 2369 960 2410 lc):
987 2370 1185 2402 conficiunt
1201 2371 1228 2402 G
1243 2369 1315 2412 (L).
1339 2368 1353 2410 Η
1377 2370 1396 2401 9
1415 2373 1534 2401 autem
1551 2368 1633 2410 (scil.
1652 2369 1714 2411 afi)

200 2426 507 2466 slliiller-Strz'ibiny
527 2424 627 2464 (vero
651 2424 758 2464 ιΙο(·.);
787 2425 831 2456 ab
854 2426 918 2457 GH
936 2426 994 2465 (lc,
1023 2438 1044 2457 a
1062 2426 1119 2468 L).
1144 2424 1159 2468 Η
1183 2428 1223 2458 10
1240 2426 1509 2467 pavimentatas
1533 2426 1624 2459 doen:
1651 2436 1714 2467 pa-

199 2483 361 2514 vimenta
389 2481 465 2513 GH.
489 2478 504 2522 Η
529 2483 566 2511 11
595 2480 870 2514 ambulationes.
902 2481 1002 2514 UIII.
1037 2483 1115 2522 Quo
1143 2481 1306 2523 adpotui:
1339 2483 1389 2513 sie
1415 2482 1443 2513 G
1468 2481 1550 2521 (cum
1575 2483 1716 2523 capituli

200 2548 333 2569 numero
347 2542 480 2569 servato
496 2541 528 2567 ut
545 2547 579 2577 p.
595 2539 648 2573 29,
667 2539 712 2568 24
730 2541 761 2568 et
779 2539 811 2568 z'rz
830 2540 940 2578 prima
955 2543 1056 2579 parte
1074 2540 1094 2569 Z.
1110 2536 1157 2579 l).
1181 2535 1195 2579 Η
1221 2539 1260 2569 13
1279 2538 1505 2579 perscribere
1523 2537 1712 2579 proposui:

199 2595 247 2624 sic
275 2594 350 2626 GH.
388 2591 403 2635 Η
442 2593 690 2634 expeditiones
716 2593 823 2626 Phia:
857 2605 986 2625 —num
1014 2594 1089 2625 GH.
1123 2591 1137 2634 Η
1171 2594 1211 2624 14
1230 2593 1416 2625 commoda
1448 2593 1564 2624 Sella:
1596 2592 1711 2624 —dae

202 2648 305 2689 (—de
335 2650 375 2690 G)
405 2649 480 2680 GH.
511 2645 526 2690 Η
560 2650 599 2679 15
627 2658 670 2679 ea
696 2649 812 2682 Sclm.:
841 2660 903 2681 eas
932 2650 1008 2681 GH.
1041 2647 1056 2691 Η
1089 2649 1129 2680 18
1149 2648 1329 2680 admalum
1352 2654 1431 2681 ante
1454 2659 1525 2682 ras,
1552 2649 1589 2680 G.
1622 2646 1638 2690 Η
1671 2650 1711 2680 19

200 2705 357 2736 fructum
385 2705 422 2736 G.
455 2702 470 2746 Η
502 2704 647 2736 chortes
675 2705 750 2736 GH.
783 2703 797 2746 Η
830 2707 872 2737 20
898 2708 983 2746 quot
1006 2706 1054 2737 L:
1082 2705 1173 2746 quod
1201 2706 1267 2737 GH
1291 2704 1361 2745 (Ic).
1390 2702 1405 2747 Η
1436 2706 1477 2735 21
1504 2704 1615 2735 fuerit
1640 2705 1711 2736 ed.:

202 2761 338 2791 fuerint
365 2761 440 2793 GH.
474 2757 489 2802 Η
521 2760 645 2792 chorte
673 2760 749 2792 GH.
778 2758 793 2802 Η
822 2762 863 2791 ‘22
889 2761 1101 2803 designetur
1134 2761 1178 2792 G:
1210 2759 1421 2802 desilnetur
1451 2760 1487 2791 H
1513 2759 1712 2800 (desinetur

203 2816 291 2856 Lle).
313 2814 328 2858 Η
351 2818 395 2848 25
412 2816 500 2846 fiunt
519 2817 555 2846 H
572 2814 680 2857 (Llc):
707 2816 797 2847 fiant
817 2816 854 2848 G.
878 2814 893 2858 Η
918 2818 1025 2858 periti
1042 2817 1146 2851 Phia:
1172 2817 1321 2857 inperiti
1340 2817 1414 2849 GH.
1438 2813 1454 2858 Η
1475 2818 1516 2848 27
1534 2817 1711 2848 buuilium

205 2871 270 2901 GH
296 2871 348 2910 (Ie,
377 2871 547 2902 ——bilium
575 2870 678 2912 GcL).
711 2869 726 2913 Η
754 2873 797 2903 28
821 2872 862 2903 V.
890 2872 1016 2903 denum
1037 2873 1102 2905 GH
1127 2871 1232 2914 (Llc).
1261 2870 1276 2914 Η
1304 2873 1346 2903 29
1371 2882 1438 2903 nec
1458 2873 1574 2904 minus
1599 2872 1710 2915 pedes

202 2931 381 2967 occupent
412 2931 582 2967 septenos
613 2927 711 2958 habet
743 2929 1001 2960 aclclitamentwn
1032 2928 1092 2969 (ex
1122 2927 1286 2969 Vitruvio)
1313 2930 1475 2970 epitomae
1500 2931 1533 2960 z'n
1560 2929 1598 2962 G.

1743 420 1763 450 3

1744 1367 1821 1408 (VI)

1742 2111 1760 2131 ς)

1743 2131 1760 2140 .-
