1909 3322
222 263 301 304 166
871 260 1080 290 vrrRUvu

220 376 324 416 ratis
370 381 635 412 camerarum
680 362 985 420 dispositiones
1030 361 1075 401 in
1113 357 1390 400 conclavibus
1438 354 1740 411 expediantur,

222 442 306 483 nisi
336 436 568 480 lacunariis
601 448 650 474 ea
679 432 840 473 fuerint
871 434 1033 472 ornata.

156 518 209 549 111
335 506 444 548 Cum
465 517 567 558 ergo
599 512 863 542 camerarum
893 494 1183 553 postulabitur
1211 493 1343 545 ratio,
1375 490 1438 531 sic
1468 490 1548 531 erit
1575 489 1742 537 ‚faciun-

225 577 340 616 dum.
387 585 553 613 asseres
586 567 740 610 directi
778 566 1062 622 disponantur
1100 562 1213 601 inter
1251 574 1296 600 se
1332 573 1385 599 ne
1424 556 1520 614 plus
1558 557 1744 613 spatium

179 653 198 684 5
225 642 430 684 habentes
455 638 586 696 pedes
608 637 733 678 binos
750 666 761 687 ,
795 639 835 674 et
858 633 902 673 hi
922 631 1111 672 maxime
1134 619 1366 684 cupressei,
1400 624 1514 681 quod
1545 623 1746 679 abiegnei

225 710 279 751 ab
326 708 441 749 carie
480 697 611 747 et'ab
651 706 869 743 vetustate
907 697 1103 739 celeriter
1134 696 1365 747 vitiantur,
1411 693 1541 748 hique
1579 705 1747 733 asseres

228 792 325 818 cum
362 775 418 816 ad
449 774 629 815 formam
663 767 955 810 circinationis
986 764 1156 813 fuerint
1179 761 1425 814 distributi,
1465 760 1628 801 catenis
1661 758 1747 799 dis-

228 839 381 900 positis
421 842 475 883 ad
519 838 884 893 contignationes,
923 834 1016 874 sive
1047 837 1161 872 tec-ta
1192 835 1336 882 erunt,
1377 828 1584 870 crebriter
1615 825 1749 868 clavis

231 911 380 952 ferreis
412 909 489 950 fixi
520 906 778 961 religentur,
812 915 971 957 eaeque
1003 906 1178 940 catenae
1210 912 1263 938 ex
1295 911 1344 937 ea
1374 896 1555 937 materia
1585 907 1751 949 compa-

167 990 206 1020 10
230 984 380 1021 rentur
421 977 486 1017 cui
528 989 607 1015 nec
646 972 782 1013 caries
822 983 901 1010 nec
931 973 1126 1009 vetustas
1158 980 1234 1006 nec
1264 978 1386 1006 umor
1416 963 1555 1020 possit
1584 975 1752 1013 nocere,

232 1047 275 1088 id
309 1051 373 1086 est
396 1060 417 1085 e
447 1044 565 1085 buxo
598 1042 792 1096 iunipero
824 1036 917 1080 olea
947 1035 1099 1078 robore
1131 1047 1333 1090 cupresso
1365 1031 1611 1088 ceterisque·-
1636 1029 1752 1070 simi-

233 1114 345 1154 libus
389 1117 559 1168 praeter
597 1121 799 1164 quercum
818 1137 829 1158 ,
874 1119 969 1145 cum
1009 1117 1057 1143 ea
1096 1116 1140 1142 se
1178 1098 1415 1156 torquendo
1453 1099 1584 1139 rimas
1624 1096 1755 1137 faciat

236 1180 391 1236 quibus
437 1179 550 1218 inest
603 1174 819 1231 operibus.
893 1170 1113 1212 asseribus
1162 1168 1387 1225 dispositis
1425 1172 1515 1207 tum
1547 1166 1702 1207 tomice
1734 1178 1755 1204 e

237 1252 380 1304 sparto
404 1244 627 1300 hispanico
650 1240 913 1282 harundines
944 1252 1124 1293 graecae
1155 1243 1308 1278 tunsae
1337 1234 1391 1275 ad
1425 1248 1494 1275 eos
1525 1234 1590 1274 uti
1619 1232 1757 1273 forma

172 1324 211 1355 15
237 1313 425 1371 postulat
460 1311 711 1365 religentur.
761 1308 865 1349 item
901 1321 1031 1362 supra
1076 1316 1287 1346 cameram
1325 1302 1525 1343 materies
1558 1316 1613 1341 ex
1643 1299 1758 1340 calce

240 1388 280 1422 et
324 1381 482 1421 harena
525 1379 665 1419 mixta
702 1374 886 1416 subinde
924 1373 1174 1426 inducatur,
1220 1378 1267 1413 ut
1312 1372 1348 1412 si
1387 1383 1496 1426 quae
1533 1367 1673 1410 stillae
1704 1382 1759 1408 ex

240 1444 633 1502 contignationibus
655 1449 728 1484 aut
749 1442 874 1483 tectis
897 1440 1132 1481 ceciderint
1152 1440 1458 1480 sustineantur.
1519 1437 1587 1478 sin
1615 1442 1758 1477 autem

241 1514 495 1557 harundinis
527 1525 707 1567 graecae
739 1509 861 1565 copia
891 1523 977 1549 non
1007 1509 1110 1559 erit,
1150 1507 1202 1548 de
1233 1505 1462 1563 paludibus
1493 1511 1641 1546 tenues
1675 1502 1757 1545 col-

242 1583 431 1637 ligantur
484 1586 525 1621 et
577 1585 776 1619 mataxae
819 1576 975 1617 tomice
1019 1574 1074 1615 ad
1117 1574 1274 1616 iustam
1318 1572 1632 1627 longitudinem
1675 1586 1760 1612 una

175 1661 219 1691 ‘20
244 1648 531 1690 crassitudine
568 1644 890 1700 alligationibus
929 1646 1242 1698 temperentur,
1285 1640 1385 1680 dum
1421 1654 1474 1680 ne
1512 1638 1607 1695 plus
1649 1640 1761 1680 inter

245 1717 350 1757 duos
381 1715 516 1756 nodos
547 1712 871 1767 alligationibus
902 1710 1026 1751 binos
1059 1707 1188 1765 pedes
1220 1706 1402 1758 distent,
1433 1712 1474 1748 et
1502 1706 1581 1747 hae
1611 1706 1667 1747 ad
1696 1721 1761 1747 as-

247 1798 384 1836 seres,
422 1782 486 1822 uti
525 1795 654 1837 supra
694 1780 901 1835 scriptum
939 1782 1024 1831 est,
1063 1776 1220 1817 tomice
1250 1774 1486 1828 religentur
1516 1772 1763 1829 cultellique

248 1851 382 1905 lignei
422 1850 467 1889 in
509 1863 579 1889 cas
611 1848 891 1902 configantur.
961 1850 1100 1886 cetera
1131 1843 1272 1884 omnia
1302 1842 1366 1882 uti
1397 1855 1525 1896 supra
1555 1842 1762 1897 scriptum

250 1924 315 1958 est
347 1916 646 1972 expediantur.
707 1914 887 1955 cameris
926 1911 1149 1968 dispositis
1189 1916 1230 1951 et
1266 1909 1467 1960 intextis,
1507 1908 1637 1949 imum
1669 1922 1761 1949 cae-

182 1995 225 2026 25
250 1985 337 2026 lum
359 1997 503 2023 earum
523 1981 797 2034 trullissetur,
830 1979 987 2021 deinde
1009 1978 1167 2019 harena
1188 1977 1412 2032 dirigatur,
1445 1981 1593 2031 postea
1622 1982 1763 2018 autem

252 2058 368 2092 creta
397 2055 471 2091 aut
501 2063 710 2090 marmore
740 2047 939 2103 poliatur.

345 2212 364 2241 3
390 2207 598 2240 faciendum
625 2207 736 2238 Maru:
763 2203 939 2237 faciunda
967 2204 1042 2235 GII.
1067 2200 1084 2245 Η
1105 2204 1124 2235 5
1151 2201 1354 2244 cupressci:
1383 2200 1547 2243 cupressi
1566 2200 1768 2242 (cupraessi

256 2266 305 2305 H)
327 2265 403 2296 GH.
427 2262 442 2306 Η
467 2263 653 2305 abiegnei:
679 2263 728 2293 sie
756 2261 820 2292 GH
847 2260 920 2300 (sed
941 2262 1041 2301 p.59,
1062 2261 1102 2290 16
1130 2256 1334 2300 abiegnas).
1358 2255 1372 2300 Η
1396 2258 1416 2289 8
1441 2259 1542 2289 tecta
1561 2260 1665 2289 erunt
1690 2261 1766 2288 ante

256 2332 347 2352 corr.
376 2321 418 2351 G:
446 2317 580 2351 tecter‘)
605 2318 609 2359 Ι
632 2319 668 2349 H
694 2317 871 2356 (tecterus
896 2318 935 2353 le,
963 2319 1140 2346 tectorum
1162 2314 1264 2354 GcL).
1288 2312 1302 2356 Η
1326 2314 1504 2345 crebriter
1530 2314 1557 2345 G
1577 2312 1662 2354 (ele):
1691 2322 1767 2343 cre-

256 2377 353 2408 biter
377 2376 413 2406 H
440 2373 524 2415 (La).
557 2371 572 2416 Η
603 2375 622 2405 9
650 2382 787 2413 eaeque
815 2372 880 2403 GH
906 2370 1034 2412 (aeque
1060 2372 1105 2407 Ie,
1131 2380 1221 2412 eque
1248 2371 1316 2406 Lle,
1349 2370 1464 2411 heque
1490 2368 1554 2408 lac).
1587 2366 1602 2410 Η
1634 2378 1769 2409 conpa-

258 2434 383 2463 rentur
408 2432 443 2461 H
470 2429 626 2471 (GcLle):
656 2431 877 2469 conparatur
901 2432 978 2458 mete
1003 2437 1092 2458 corr.
1120 2426 1156 2458 G.
1189 2424 1203 2468 Η
1236 2427 1273 2456 11
1302 2426 1469 2466 iunipera
1488 2424 1566 2456 oleo
1593 2423 1689 2463 (olea
1710 2424 1767 2462 Ge)

260 2487 473 2528 (1¹‚iunipero
488 2484 625 2526 (—-piro
640 2483 843 2522 Hc)0leaH
858 2480 958 2523 (Lle).
978 2480 992 2524 Η
1010 2484 1050 2513 1⁴2
1065 2492 1162 2514 cum:
1181 2482 1228 2512 sic
1240 2481 1314 2512 GH.
1333 2478 1347 2521 Η
1365 2491 1408 2511 ea
1423 2490 1459 2511 se
1468 2481 1558 2512 docnt
1575 2489 1637 2510 eas
1654 2480 1729 2513 GH.
1749 2477 1764 2521 Η

258 2543 376 2574 faciat
391 2542 482 2574 doaz
500 2541 645 2572 faciant
662 2539 699 2569 I·l
717 2537 824 2579 (Lle),
850 2538 991 2569 faciunt
1011 2538 1047 2569 G.
1071 2535 1087 2579 Η
1109 2538 1149 2569 13
1167 2540 1241 2567 tum
1260 2536 1390 2567 tomice
1411 2535 1529 2576 (Phil.)
1557 2547 1574 2566 e
1602 2534 1661 2575 (ex
1686 2537 1766 2567 add.

259 2597 349 2637 doe.)
369 2599 511 2638 sparto:
546 2595 765 2627 tumtonices
791 2597 915 2635 sparto
936 2594 962 2625 G
980 2594 1008 2634 (ἶ
1026 2593 1064 2625 al
1081 2592 1231 2624 tomiees
1252 2591 1295 2622 GC
1313 2593 1345 2622 in
1361 2590 1490 2632 mar-9),
1517 2594 1590 2622 tum
1618 2591 1768 2622 tomices

260 2656 381 2695 sparto
408 2654 444 2684 H
470 2651 573 2692 (Lle).
605 2649 620 2693 Η
652 2651 692 2681 16
716 2650 909 2681 inducatur
934 2650 970 2680 H
994 2647 1105 2690 (Llc):
1137 2646 1353 2678 inducantur
1380 2648 1417 2680 G.
1449 2644 1464 2688 Η
1501 2647 1533 2679 si
1565 2657 1658 2687 quae
1691 2647 1768 2678 stil—

261 2720 319 2752 lae
349 2719 425 2760 (L):
452 2719 483 2750 si
508 2728 578 2759 qua
604 2719 659 2749 est
681 2715 746 2750 ille
772 2716 809 2746 H
838 2715 897 2756 (le,
930 2719 961 2748 si
994 2701 1192 2758 questelle
1217 2712 1281 2756 L),
1314 2714 1419 2755 sique
1452 2713 1570 2754 astule
1603 2714 1640 2745 G.
1680 2711 1695 2755 Η
1729 2715 1768 2745 18

263 2775 483 2815 colligantur
510 2774 536 2806 G
561 2773 639 2814 (ωε
673 2771 868 2812 colligatur
894 2772 929 2802 ll
954 2770 1024 2813 (lc).
1057 2769 1071 2813 Η
1111 2772 1151 2802 19
1177 2768 1331 2801 tomicae
1364 2767 1414 2808 (id
1437 2772 1487 2800 est
1512 2768 1659 2810 tomice)
1689 2769 1765 2801 GH.

263 2833 338 2862 ilem
361 2830 454 2870 infra
476 2841 504 2861 υ.
532 2831 575 2860 22
602 2828 756 2861 tomicae
782 2828 820 2858 H
843 2826 989 2867 (tomice
1017 2826 1071 2869 G).
1093 2824 1108 2868 Η
1136 2828 1177 2858 20
1201 2826 1297 2856 inter
1313 2823 1401 2855 duos
1429 2826 1456 2857 G
1482 2823 1556 2865 (le):
1584 2825 1679 2856 inter
1702 2835 1767 2856 uos

266 2886 324 2924 (se.
352 2886 385 2917 11
399 2884 455 2924 os)
486 2886 523 2916 H
548 2883 619 2926 (L).
652 2882 666 2925 Η
704 2884 745 2915 23
769 2882 858 2914 linei
887 2888 964 2914 ante
990 2893 1078 2915 corr.
1103 2882 1150 2913 H.
1183 2878 1198 2923 Η
1229 2882 1271 2913 25
1301 2881 1438 2913 herena
1466 2880 1502 2914 G.
1536 2877 1550 2922 Η
1582 2874 1768 2922 derigatur

269 2942 334 2971 (ill
359 2940 414 2981 (L,
441 2941 619 2982 dirigatur
643 2939 696 2979 lc).
728 2936 742 2980 Η
776 2941 896 2970 autem
924 2941 1041 2970 creta:
1065 2939 1114 2970 sic
1141 2937 1217 2969 GH.

1781 1174 1800 1203 2
