<?xml version="1.0" encoding="UTF-8"?>
<!DOCTYPE html PUBLIC "-//W3C//DTD XHTML 1.0 Transitional//EN"
    "http://www.w3.org/TR/xhtml1/DTD/xhtml1-transitional.dtd">
<html xmlns="http://www.w3.org/1999/xhtml" xml:lang="en" lang="en">
 <head>
  <title>
</title>
<meta http-equiv="Content-Type" content="text/html;charset=utf-8" />
  <meta name='ocr-system' content='tesseract 3.04.00' />
  <meta name='ocr-capabilities' content='ocr_page ocr_carea ocr_par ocr_line ocrx_word'/>
</head>
<body>
  <div class='ocr_page' id='page_1' title='image "./dearchitecturali00vitruoft_0282.png"; bbox 0 0 1909 3322; ppageno 0'>
   <div class='ocr_carea' id='block_1_1' title="bbox 179 905 216 934">
    <p class='ocr_par' dir='ltr' id='par_1_1' title="bbox 179 905 216 934">
     <span class='ocr_line' id='line_1_1' title="bbox 179 905 216 934; baseline 0 0"><span class='ocrx_word' id='word_1_1' title='bbox 179 905 216 934; x_wconf 83' lang='lat'>10</span> 
     </span>
    </p>
   </div>
   <div class='ocr_carea' id='block_1_2' title="bbox 177 1242 216 1272">
    <p class='ocr_par' dir='ltr' id='par_1_2' title="bbox 177 1242 216 1272">
     <span class='ocr_line' id='line_1_2' title="bbox 177 1242 216 1272; baseline 0.026 -1"><span class='ocrx_word' id='word_1_2' title='bbox 177 1242 216 1272; x_wconf 85' lang='lat'>15</span> 
     </span>
    </p>
   </div>
   <div class='ocr_carea' id='block_1_3' title="bbox 243 175 1105 217">
    <p class='ocr_par' dir='ltr' id='par_1_3' title="bbox 243 175 1105 217">
     <span class='ocr_line' id='line_1_3' title="bbox 243 175 1105 217; baseline -0.003 0"><span class='ocrx_word' id='word_1_3' title='bbox 243 175 327 217; x_wconf 79' lang='lat'>264</span> <span class='ocrx_word' id='word_1_4' title='bbox 895 185 1105 214; x_wconf 73' lang='lat' dir='ltr'>vrrssuvn</span> 
     </span>
    </p>
   </div>
   <div class='ocr_carea' id='block_1_4' title="bbox 242 285 1763 479">
    <p class='ocr_par' dir='ltr' id='par_1_4' title="bbox 242 285 1763 479">
     <span class='ocr_line' id='line_1_4' title="bbox 244 285 1760 345; baseline 0.002 -17"><span class='ocrx_word' id='word_1_5' title='bbox 244 288 394 328; x_wconf 92' lang='lat' dir='ltr'>eadem</span> <span class='ocrx_word' id='word_1_6' title='bbox 424 287 590 327; x_wconf 88' lang='lat' dir='ltr'>ratione</span> <span class='ocrx_word' id='word_1_7' title='bbox 619 286 844 327; x_wconf 88' lang='lat' dir='ltr'>dentatum</span> <span class='ocrx_word' id='word_1_8' title='bbox 874 285 1088 328; x_wconf 89' lang='lat' dir='ltr'>inclusum</span> <span class='ocrx_word' id='word_1_9' title='bbox 1118 287 1164 326; x_wconf 92' lang='lat' dir='ltr'>in</span> <span class='ocrx_word' id='word_1_10' title='bbox 1192 286 1327 345; x_wconf 80' lang='lat' dir='ltr'>altero</span> <span class='ocrx_word' id='word_1_11' title='bbox 1347 287 1632 330; x_wconf 89' lang='lat' dir='ltr'>loculamento</span> <span class='ocrx_word' id='word_1_12' title='bbox 1664 304 1760 331; x_wconf 89' lang='lat' dir='ltr'>con-</span> 
     </span>
     <span class='ocr_line' id='line_1_5' title="bbox 242 353 1762 410; baseline 0.002 -14"><span class='ocrx_word' id='word_1_13' title='bbox 242 355 425 407; x_wconf 79' lang='lat' dir='ltr'>locetur,</span> <span class='ocrx_word' id='word_1_14' title='bbox 470 353 826 395; x_wconf 80' lang='lat' dir='ltr'>convenientibus</span> <span class='ocrx_word' id='word_1_15' title='bbox 865 353 1066 395; x_wconf 80' lang='lat' dir='ltr'>dentibus</span> <span class='ocrx_word' id='word_1_16' title='bbox 1115 354 1334 396; x_wconf 75' lang='lat' dir='ltr'>denticulo</span> <span class='ocrx_word' id='word_1_17' title='bbox 1383 356 1457 410; x_wconf 90' lang='lat' dir='ltr'>qui</span> <span class='ocrx_word' id='word_1_18' title='bbox 1500 357 1546 396; x_wconf 90' lang='lat' dir='ltr'>in</span> <span class='ocrx_word' id='word_1_19' title='bbox 1583 357 1762 399; x_wconf 87' lang='lat' dir='ltr'>secundi</span> 
     </span>
     <span class='ocr_line' id='line_1_6' title="bbox 242 421 1763 479; baseline 0.002 -16"><span class='ocrx_word' id='word_1_20' title='bbox 242 423 439 479; x_wconf 82' lang='lat' dir='ltr'>tympani</span> <span class='ocrx_word' id='word_1_21' title='bbox 470 421 603 462; x_wconf 88' lang='lat' dir='ltr'>latere</span> <span class='ocrx_word' id='word_1_22' title='bbox 639 421 770 462; x_wconf 86' lang='lat' dir='ltr'>fuerit</span> <span class='ocrx_word' id='word_1_23' title='bbox 796 422 925 475; x_wconf 82' lang='lat' dir='ltr'>fixus,</span> <span class='ocrx_word' id='word_1_24' title='bbox 954 424 999 463; x_wconf 91' lang='lat' dir='ltr'>in</span> <span class='ocrx_word' id='word_1_25' title='bbox 1031 437 1165 478; x_wconf 89' lang='lat' dir='ltr'>eoque</span> <span class='ocrx_word' id='word_1_26' title='bbox 1191 429 1398 478; x_wconf 86' lang='lat' dir='ltr'>tympano</span> <span class='ocrx_word' id='word_1_27' title='bbox 1426 421 1638 465; x_wconf 84' lang='lat' dir='ltr'>foramina</span> <span class='ocrx_word' id='word_1_28' title='bbox 1657 425 1763 466; x_wconf 89' lang='lat' dir='ltr'>fiant</span> 
     </span>
    </p>
   </div>
   <div class='ocr_carea' id='block_1_5' title="bbox 244 488 1795 548">
    <p class='ocr_par' dir='ltr' id='par_1_5' title="bbox 244 488 1795 548">
     <span class='ocr_line' id='line_1_7' title="bbox 244 488 1795 548; baseline 0.004 -19"><span class='ocrx_word' id='word_1_29' title='bbox 244 495 449 545; x_wconf 85' lang='lat' dir='ltr'>quantum</span> <span class='ocrx_word' id='word_1_30' title='bbox 481 488 626 529; x_wconf 90' lang='lat' dir='ltr'>diurni</span> <span class='ocrx_word' id='word_1_31' title='bbox 655 489 824 530; x_wconf 90' lang='lat' dir='ltr'>itineris</span> <span class='ocrx_word' id='word_1_32' title='bbox 855 489 1137 531; x_wconf 82' lang='lat' dir='ltr'>miliariorum</span> <span class='ocrx_word' id='word_1_33' title='bbox 1157 504 1333 531; x_wconf 87' lang='lat' dir='ltr'>numero</span> <span class='ocrx_word' id='word_1_34' title='bbox 1365 504 1461 531; x_wconf 91' lang='lat' dir='ltr'>cum</span> <span class='ocrx_word' id='word_1_35' title='bbox 1490 490 1596 532; x_wconf 84' lang='lat' dir='ltr'>reda</span> <span class='ocrx_word' id='word_1_36' title='bbox 1624 494 1763 548; x_wconf 87' lang='lat' dir='ltr'>possit</span> <span class='ocrx_word' id='word_1_37' title='bbox 1787 534 1795 545; x_wconf 68' lang='lat'>‚</span> 
     </span>
    </p>
   </div>
   <div class='ocr_carea' id='block_1_6' title="bbox 238 555 1763 1900">
    <p class='ocr_par' dir='ltr' id='par_1_6' title="bbox 240 555 1763 1676">
     <span class='ocr_line' id='line_1_8' title="bbox 242 555 1762 613; baseline 0.003 -17"><span class='ocrx_word' id='word_1_38' title='bbox 242 557 366 597; x_wconf 77' lang='lat' dir='ltr'>exiri.</span> <span class='ocrx_word' id='word_1_39' title='bbox 427 557 567 597; x_wconf 88' lang='lat' dir='ltr'>minus</span> <span class='ocrx_word' id='word_1_40' title='bbox 598 555 750 612; x_wconf 83' lang='lat' dir='ltr'>plusve</span> <span class='ocrx_word' id='word_1_41' title='bbox 779 571 870 597; x_wconf 89' lang='lat' dir='ltr'>rem</span> <span class='ocrx_word' id='word_1_42' title='bbox 901 556 1010 598; x_wconf 87' lang='lat' dir='ltr'>nihil</span> <span class='ocrx_word' id='word_1_43' title='bbox 1039 557 1222 613; x_wconf 82' lang='lat' dir='ltr'>inpedit.</span> <span class='ocrx_word' id='word_1_44' title='bbox 1283 563 1324 598; x_wconf 91' lang='lat' dir='ltr'>et</span> <span class='ocrx_word' id='word_1_45' title='bbox 1362 557 1408 598; x_wconf 94' lang='lat' dir='ltr'>in</span> <span class='ocrx_word' id='word_1_46' title='bbox 1443 557 1512 599; x_wconf 88' lang='lat' dir='ltr'>his</span> <span class='ocrx_word' id='word_1_47' title='bbox 1541 559 1762 601; x_wconf 85' lang='lat' dir='ltr'>foramini-</span> 
     </span>
     <span class='ocr_line' id='line_1_9' title="bbox 241 623 1762 684; baseline 0.003 -20"><span class='ocrx_word' id='word_1_48' title='bbox 241 624 323 665; x_wconf 88' lang='lat' dir='ltr'>bus</span> <span class='ocrx_word' id='word_1_49' title='bbox 355 624 554 665; x_wconf 87' lang='lat' dir='ltr'>omnibus</span> <span class='ocrx_word' id='word_1_50' title='bbox 587 623 741 665; x_wconf 87' lang='lat' dir='ltr'>calculi</span> <span class='ocrx_word' id='word_1_51' title='bbox 769 624 943 665; x_wconf 88' lang='lat' dir='ltr'>rotundi</span> <span class='ocrx_word' id='word_1_52' title='bbox 975 623 1266 677; x_wconf 89' lang='lat' dir='ltr'>conlocentur,</span> <span class='ocrx_word' id='word_1_53' title='bbox 1297 625 1429 681; x_wconf 85' lang='lat' dir='ltr'>inque</span> <span class='ocrx_word' id='word_1_54' title='bbox 1452 627 1542 667; x_wconf 88' lang='lat' dir='ltr'>eius</span> <span class='ocrx_word' id='word_1_55' title='bbox 1565 629 1762 684; x_wconf 86' lang='lat' dir='ltr'>tympani</span> 
     </span>
     <span class='ocr_line' id='line_1_10' title="bbox 241 691 1761 742; baseline 0.002 -9"><span class='ocrx_word' id='word_1_56' title='bbox 241 691 366 733; x_wconf 84' lang='lat' dir='ltr'>theca</span> <span class='ocrx_word' id='word_1_57' title='bbox 397 692 491 733; x_wconf 83' lang='lat' dir='ltr'>sive</span> <span class='ocrx_word' id='word_1_58' title='bbox 527 691 573 732; x_wconf 92' lang='lat' dir='ltr'>id</span> <span class='ocrx_word' id='word_1_59' title='bbox 611 691 954 742; x_wconf 77' lang='lat' dir='ltr'>loculamentum</span> <span class='ocrx_word' id='word_1_60' title='bbox 983 699 1047 733; x_wconf 87' lang='lat' dir='ltr'>est</span> <span class='ocrx_word' id='word_1_61' title='bbox 1087 691 1160 732; x_wconf 89' lang='lat' dir='ltr'>fiat</span> <span class='ocrx_word' id='word_1_62' title='bbox 1198 691 1393 733; x_wconf 87' lang='lat' dir='ltr'>foramen</span> <span class='ocrx_word' id='word_1_63' title='bbox 1429 708 1562 734; x_wconf 87' lang='lat' dir='ltr'>unum</span> <span class='ocrx_word' id='word_1_64' title='bbox 1598 694 1761 737; x_wconf 88' lang='lat' dir='ltr'>habens</span> 
     </span>
     <span class='ocr_line' id='line_1_11' title="bbox 242 758 1760 817; baseline 0.002 -17"><span class='ocrx_word' id='word_1_65' title='bbox 242 758 540 812; x_wconf 85' lang='lat' dir='ltr'>canaliculum,</span> <span class='ocrx_word' id='word_1_66' title='bbox 573 773 657 814; x_wconf 89' lang='lat' dir='ltr'>qua</span> <span class='ocrx_word' id='word_1_67' title='bbox 688 758 840 800; x_wconf 87' lang='lat' dir='ltr'>calculi</span> <span class='ocrx_word' id='word_1_68' title='bbox 881 760 953 814; x_wconf 90' lang='lat' dir='ltr'>qui</span> <span class='ocrx_word' id='word_1_69' title='bbox 984 759 1028 799; x_wconf 91' lang='lat' dir='ltr'>in</span> <span class='ocrx_word' id='word_1_70' title='bbox 1061 773 1108 800; x_wconf 91' lang='lat' dir='ltr'>eo</span> <span class='ocrx_word' id='word_1_71' title='bbox 1140 758 1345 815; x_wconf 84' lang='lat' dir='ltr'>tympano</span> <span class='ocrx_word' id='word_1_72' title='bbox 1376 761 1555 817; x_wconf 86' lang='lat' dir='ltr'>inpositi</span> <span class='ocrx_word' id='word_1_73' title='bbox 1585 761 1760 816; x_wconf 83' lang='lat' dir='ltr'>fuerint,</span> 
     </span>
     <span class='ocr_line' id='line_1_12' title="bbox 242 825 1760 883; baseline 0.003 -16"><span class='ocrx_word' id='word_1_74' title='bbox 242 842 338 867; x_wconf 83' lang='lat' dir='ltr'>cum</span> <span class='ocrx_word' id='word_1_75' title='bbox 368 826 424 867; x_wconf 87' lang='lat' dir='ltr'>ad</span> <span class='ocrx_word' id='word_1_76' title='bbox 455 841 550 867; x_wconf 89' lang='lat' dir='ltr'>eum</span> <span class='ocrx_word' id='word_1_77' title='bbox 571 825 712 867; x_wconf 89' lang='lat' dir='ltr'>locum</span> <span class='ocrx_word' id='word_1_78' title='bbox 734 828 947 879; x_wconf 78' lang='lat' dir='ltr'>venerint,</span> <span class='ocrx_word' id='word_1_79' title='bbox 980 827 1024 866; x_wconf 93' lang='lat' dir='ltr'>in</span> <span class='ocrx_word' id='word_1_80' title='bbox 1044 826 1174 867; x_wconf 88' lang='lat' dir='ltr'>redae</span> <span class='ocrx_word' id='word_1_81' title='bbox 1196 842 1373 883; x_wconf 88' lang='lat' dir='ltr'>capsum</span> <span class='ocrx_word' id='word_1_82' title='bbox 1406 835 1448 870; x_wconf 88' lang='lat' dir='ltr'>et</span> <span class='ocrx_word' id='word_1_83' title='bbox 1479 843 1556 870; x_wconf 83' lang='lat' dir='ltr'>vas</span> <span class='ocrx_word' id='word_1_84' title='bbox 1579 844 1760 871; x_wconf 88' lang='lat' dir='ltr'>aeneum</span> 
     </span>
     <span class='ocr_line' id='line_1_13' title="bbox 242 893 1762 951; baseline 0.003 -16"><span class='ocrx_word' id='word_1_85' title='bbox 242 895 356 950; x_wconf 88' lang='lat' dir='ltr'>quod</span> <span class='ocrx_word' id='word_1_86' title='bbox 394 895 474 935; x_wconf 86' lang='lat' dir='ltr'>erit</span> <span class='ocrx_word' id='word_1_87' title='bbox 512 895 782 950; x_wconf 87' lang='lat' dir='ltr'>suppositum</span> <span class='ocrx_word' id='word_1_88' title='bbox 820 893 981 948; x_wconf 83' lang='lat' dir='ltr'>singuli</span> <span class='ocrx_word' id='word_1_89' title='bbox 1012 894 1166 935; x_wconf 86' lang='lat' dir='ltr'>cadere</span> <span class='ocrx_word' id='word_1_90' title='bbox 1202 896 1384 951; x_wconf 89' lang='lat' dir='ltr'>possint.</span> <span class='ocrx_word' id='word_1_91' title='bbox 1444 897 1505 937; x_wconf 89' lang='lat' dir='ltr'>ita</span> <span class='ocrx_word' id='word_1_92' title='bbox 1544 911 1640 938; x_wconf 89' lang='lat' dir='ltr'>cum</span> <span class='ocrx_word' id='word_1_93' title='bbox 1669 905 1762 940; x_wconf 87' lang='lat' dir='ltr'>rota</span> 
     </span>
     <span class='ocr_line' id='line_1_14' title="bbox 241 962 1761 1018; baseline 0.003 -16"><span class='ocrx_word' id='word_1_94' title='bbox 241 962 522 1018; x_wconf 88' lang='lat' dir='ltr'>progrediens</span> <span class='ocrx_word' id='word_1_95' title='bbox 555 976 699 1002; x_wconf 87' lang='lat' dir='ltr'>secum</span> <span class='ocrx_word' id='word_1_96' title='bbox 729 967 831 1015; x_wconf 85' lang='lat' dir='ltr'>agat</span> <span class='ocrx_word' id='word_1_97' title='bbox 860 967 1116 1017; x_wconf 86' lang='lat' dir='ltr'>tympanum</span> <span class='ocrx_word' id='word_1_98' title='bbox 1146 963 1279 1003; x_wconf 87' lang='lat' dir='ltr'>imum</span> <span class='ocrx_word' id='word_1_99' title='bbox 1311 969 1352 1004; x_wconf 90' lang='lat' dir='ltr'>et</span> <span class='ocrx_word' id='word_1_100' title='bbox 1374 963 1637 1005; x_wconf 87' lang='lat' dir='ltr'>denticulum</span> <span class='ocrx_word' id='word_1_101' title='bbox 1671 966 1761 1007; x_wconf 84' lang='lat' dir='ltr'>eius</span> 
     </span>
     <span class='ocr_line' id='line_1_15' title="bbox 241 1028 1763 1089; baseline 0.003 -19"><span class='ocrx_word' id='word_1_102' title='bbox 241 1029 424 1084; x_wconf 85' lang='lat' dir='ltr'>singulis</span> <span class='ocrx_word' id='word_1_103' title='bbox 456 1028 775 1069; x_wconf 83' lang='lat' dir='ltr'>versationibus</span> <span class='ocrx_word' id='word_1_104' title='bbox 806 1030 1003 1085; x_wconf 85' lang='lat' dir='ltr'>tympani</span> <span class='ocrx_word' id='word_1_105' title='bbox 1042 1030 1277 1086; x_wconf 86' lang='lat' dir='ltr'>superioris</span> <span class='ocrx_word' id='word_1_106' title='bbox 1319 1030 1556 1073; x_wconf 83' lang='lat' dir='ltr'>denticulos</span> <span class='ocrx_word' id='word_1_107' title='bbox 1588 1033 1763 1089; x_wconf 87' lang='lat' dir='ltr'>inpulsu</span> 
     </span>
     <span class='ocr_line' id='line_1_16' title="bbox 242 1096 1761 1155; baseline 0.004 -19"><span class='ocrx_word' id='word_1_108' title='bbox 242 1103 367 1151; x_wconf 86' lang='lat' dir='ltr'>cogat</span> <span class='ocrx_word' id='word_1_109' title='bbox 397 1097 646 1151; x_wconf 84' lang='lat' dir='ltr'>praeterire,</span> <span class='ocrx_word' id='word_1_110' title='bbox 680 1096 839 1137; x_wconf 82' lang='lat' dir='ltr'>efficiet</span> <span class='ocrx_word' id='word_1_111' title='bbox 860 1103 908 1137; x_wconf 88' lang='lat' dir='ltr'>ut</span> <span class='ocrx_word' id='word_1_112' title='bbox 937 1111 1033 1137; x_wconf 89' lang='lat' dir='ltr'>cum</span> <span class='ocrx_word' id='word_1_113' title='bbox 1063 1108 1173 1138; x_wconf 84' lang='lat' dir='ltr'>CCCC</span> <span class='ocrx_word' id='word_1_114' title='bbox 1204 1098 1338 1138; x_wconf 90' lang='lat' dir='ltr'>imum</span> <span class='ocrx_word' id='word_1_115' title='bbox 1369 1106 1591 1141; x_wconf 77' lang='lat' dir='ltr'>versatum</span> <span class='ocrx_word' id='word_1_116' title='bbox 1617 1100 1761 1155; x_wconf 87' lang='lat' dir='ltr'>fuerit,</span> 
     </span>
     <span class='ocr_line' id='line_1_17' title="bbox 242 1153 1763 1224; baseline 0.005 -21"><span class='ocrx_word' id='word_1_117' title='bbox 242 1165 439 1218; x_wconf 87' lang='lat' dir='ltr'>superius</span> <span class='ocrx_word' id='word_1_118' title='bbox 470 1153 726 1220; x_wconf 80' lang='lat' dir='ltr'>tympanum</span> <span class='ocrx_word' id='word_1_119' title='bbox 757 1163 888 1204; x_wconf 86' lang='lat' dir='ltr'>semel</span> <span class='ocrx_word' id='word_1_120' title='bbox 919 1165 1236 1220; x_wconf 83' lang='lat' dir='ltr'>circumagatur</span> <span class='ocrx_word' id='word_1_121' title='bbox 1266 1172 1307 1207; x_wconf 89' lang='lat' dir='ltr'>et</span> <span class='ocrx_word' id='word_1_122' title='bbox 1329 1165 1572 1209; x_wconf 84' lang='lat' dir='ltr'>denticulus</span> <span class='ocrx_word' id='word_1_123' title='bbox 1604 1169 1676 1224; x_wconf 87' lang='lat' dir='ltr'>qui</span> <span class='ocrx_word' id='word_1_124' title='bbox 1699 1176 1763 1210; x_wconf 86' lang='lat' dir='ltr'>est</span> 
     </span>
     <span class='ocr_line' id='line_1_18' title="bbox 241 1230 1761 1291; baseline 0.005 -21"><span class='ocrx_word' id='word_1_125' title='bbox 241 1230 297 1271; x_wconf 86' lang='lat' dir='ltr'>ad</span> <span class='ocrx_word' id='word_1_126' title='bbox 329 1230 442 1272; x_wconf 85' lang='lat' dir='ltr'>latus</span> <span class='ocrx_word' id='word_1_127' title='bbox 475 1232 564 1271; x_wconf 91' lang='lat' dir='ltr'>eius</span> <span class='ocrx_word' id='word_1_128' title='bbox 596 1230 710 1271; x_wconf 74' lang='lat' dir='ltr'>fixus</span> <span class='ocrx_word' id='word_1_129' title='bbox 741 1246 873 1271; x_wconf 88' lang='lat' dir='ltr'>unum</span> <span class='ocrx_word' id='word_1_130' title='bbox 896 1232 1161 1273; x_wconf 84' lang='lat' dir='ltr'>denticulum</span> <span class='ocrx_word' id='word_1_131' title='bbox 1182 1235 1379 1289; x_wconf 86' lang='lat' dir='ltr'>tympani</span> <span class='ocrx_word' id='word_1_132' title='bbox 1401 1234 1518 1291; x_wconf 89' lang='lat' dir='ltr'>plani</span> <span class='ocrx_word' id='word_1_133' title='bbox 1539 1235 1761 1291; x_wconf 87' lang='lat' dir='ltr'>producat.</span> 
     </span>
     <span class='ocr_line' id='line_1_19' title="bbox 241 1299 1761 1359; baseline 0.005 -22"><span class='ocrx_word' id='word_1_134' title='bbox 241 1312 337 1338; x_wconf 90' lang='lat' dir='ltr'>cum</span> <span class='ocrx_word' id='word_1_135' title='bbox 376 1312 476 1353; x_wconf 87' lang='lat' dir='ltr'>crgo</span> <span class='ocrx_word' id='word_1_136' title='bbox 514 1309 624 1339; x_wconf 89' lang='lat' dir='ltr'>CCCC</span> <span class='ocrx_word' id='word_1_137' title='bbox 664 1299 983 1340; x_wconf 75' lang='lat' dir='ltr'>versationibus</span> <span class='ocrx_word' id='word_1_138' title='bbox 1030 1300 1107 1340; x_wconf 89' lang='lat' dir='ltr'>imi</span> <span class='ocrx_word' id='word_1_139' title='bbox 1145 1302 1343 1357; x_wconf 81' lang='lat' dir='ltr'>tympani</span> <span class='ocrx_word' id='word_1_140' title='bbox 1389 1301 1520 1343; x_wconf 88' lang='lat' dir='ltr'>semel</span> <span class='ocrx_word' id='word_1_141' title='bbox 1564 1304 1761 1359; x_wconf 86' lang='lat' dir='ltr'>superius</span> 
     </span>
     <span class='ocr_line' id='line_1_20' title="bbox 240 1365 1762 1426; baseline 0.005 -21"><span class='ocrx_word' id='word_1_142' title='bbox 240 1365 507 1419; x_wconf 74' lang='lat' dir='ltr'>versabitur,</span> <span class='ocrx_word' id='word_1_143' title='bbox 547 1381 799 1421; x_wconf 87' lang='lat' dir='ltr'>progressus</span> <span class='ocrx_word' id='word_1_144' title='bbox 841 1366 999 1407; x_wconf 84' lang='lat' dir='ltr'>efficiet</span> <span class='ocrx_word' id='word_1_145' title='bbox 1038 1369 1179 1423; x_wconf 82' lang='lat' dir='ltr'>spatia</span> <span class='ocrx_word' id='word_1_146' title='bbox 1216 1368 1374 1423; x_wconf 89' lang='lat' dir='ltr'>pedum</span> <span class='ocrx_word' id='word_1_147' title='bbox 1417 1369 1536 1410; x_wconf 89' lang='lat' dir='ltr'>milia</span> <span class='ocrx_word' id='word_1_148' title='bbox 1575 1371 1762 1426; x_wconf 88' lang='lat' dir='ltr'>quinque</span> 
     </span>
     <span class='ocr_line' id='line_1_21' title="bbox 241 1432 1761 1490; baseline 0.005 -18"><span class='ocrx_word' id='word_1_149' title='bbox 241 1432 287 1472; x_wconf 92' lang='lat' dir='ltr'>id</span> <span class='ocrx_word' id='word_1_150' title='bbox 319 1439 382 1473; x_wconf 88' lang='lat' dir='ltr'>est</span> <span class='ocrx_word' id='word_1_151' title='bbox 413 1448 564 1488; x_wconf 85' lang='lat' dir='ltr'>passus</span> <span class='ocrx_word' id='word_1_152' title='bbox 595 1433 727 1474; x_wconf 90' lang='lat' dir='ltr'>mille.</span> <span class='ocrx_word' id='word_1_153' title='bbox 789 1448 843 1474; x_wconf 78' lang='lat' dir='ltr'>ex</span> <span class='ocrx_word' id='word_1_154' title='bbox 875 1449 922 1475; x_wconf 89' lang='lat' dir='ltr'>co</span> <span class='ocrx_word' id='word_1_155' title='bbox 955 1441 1057 1489; x_wconf 86' lang='lat' dir='ltr'>quot</span> <span class='ocrx_word' id='word_1_156' title='bbox 1089 1434 1241 1475; x_wconf 85' lang='lat' dir='ltr'>calculi</span> <span class='ocrx_word' id='word_1_157' title='bbox 1273 1435 1537 1490; x_wconf 79' lang='lat' dir='ltr'>deciderint,</span> <span class='ocrx_word' id='word_1_158' title='bbox 1569 1439 1761 1480; x_wconf 88' lang='lat' dir='ltr'>sonando</span> 
     </span>
     <span class='ocr_line' id='line_1_22' title="bbox 240 1499 1762 1554; baseline 0.004 -14"><span class='ocrx_word' id='word_1_159' title='bbox 240 1499 412 1554; x_wconf 86' lang='lat' dir='ltr'>singula</span> <span class='ocrx_word' id='word_1_160' title='bbox 458 1500 579 1541; x_wconf 91' lang='lat' dir='ltr'>milia</span> <span class='ocrx_word' id='word_1_161' title='bbox 618 1502 760 1543; x_wconf 75' lang='lat' dir='ltr'>exisse</span> <span class='ocrx_word' id='word_1_162' title='bbox 798 1501 1047 1543; x_wconf 86' lang='lat' dir='ltr'>monebunt.</span> <span class='ocrx_word' id='word_1_163' title='bbox 1107 1517 1309 1544; x_wconf 87' lang='lat' dir='ltr'>numerus</span> <span class='ocrx_word' id='word_1_164' title='bbox 1355 1519 1457 1545; x_wconf 79' lang='lat' dir='ltr'>vero</span> <span class='ocrx_word' id='word_1_165' title='bbox 1501 1505 1762 1548; x_wconf 87' lang='lat' dir='ltr'>calculorum</span> 
     </span>
     <span class='ocr_line' id='line_1_23' title="bbox 241 1567 1761 1615; baseline 0.005 -8"><span class='ocrx_word' id='word_1_166' title='bbox 241 1582 296 1608; x_wconf 79' lang='lat' dir='ltr'>ex</span> <span class='ocrx_word' id='word_1_167' title='bbox 326 1569 412 1609; x_wconf 93' lang='lat' dir='ltr'>imo</span> <span class='ocrx_word' id='word_1_168' title='bbox 445 1567 647 1609; x_wconf 85' lang='lat' dir='ltr'>collectus</span> <span class='ocrx_word' id='word_1_169' title='bbox 688 1584 852 1610; x_wconf 85' lang='lat' dir='ltr'>summa</span> <span class='ocrx_word' id='word_1_170' title='bbox 890 1569 1091 1610; x_wconf 86' lang='lat' dir='ltr'>diurnum</span> <span class='ocrx_word' id='word_1_171' title='bbox 1121 1569 1403 1612; x_wconf 80' lang='lat' dir='ltr'>miliariorum</span> <span class='ocrx_word' id='word_1_172' title='bbox 1441 1587 1667 1614; x_wconf 88' lang='lat' dir='ltr'>numerum</span> <span class='ocrx_word' id='word_1_173' title='bbox 1697 1575 1761 1615; x_wconf 92' lang='lat' dir='ltr'>in-</span> 
     </span>
     <span class='ocr_line' id='line_1_24' title="bbox 241 1635 420 1676; baseline 0.006 -2"><span class='ocrx_word' id='word_1_174' title='bbox 241 1635 420 1676; x_wconf 87' lang='lat' dir='ltr'>dicabit.</span> 
     </span>
    </p>

    <p class='ocr_par' dir='ltr' id='par_1_7' title="bbox 238 1702 1759 1900">
     <span class='ocr_line' id='line_1_25' title="bbox 352 1702 1759 1761; baseline 0.006 -19"><span class='ocrx_word' id='word_1_175' title='bbox 352 1702 717 1757; x_wconf 74' lang='lat' dir='ltr'>Navigationibus</span> <span class='ocrx_word' id='word_1_176' title='bbox 755 1718 857 1745; x_wconf 77' lang='lat' dir='ltr'>vcro</span> <span class='ocrx_word' id='word_1_177' title='bbox 897 1704 1096 1746; x_wconf 83' lang='lat' dir='ltr'>similiter</span> <span class='ocrx_word' id='word_1_178' title='bbox 1132 1706 1280 1761; x_wconf 83' lang='lat' dir='ltr'>paucis</span> <span class='ocrx_word' id='word_1_179' title='bbox 1319 1706 1448 1748; x_wconf 89' lang='lat' dir='ltr'>rebus</span> <span class='ocrx_word' id='word_1_180' title='bbox 1488 1710 1759 1751; x_wconf 86' lang='lat' dir='ltr'>commutatis</span> 
     </span>
     <span class='ocr_line' id='line_1_26' title="bbox 240 1769 1757 1833; baseline 0.005 -23"><span class='ocrx_word' id='word_1_181' title='bbox 240 1769 414 1810; x_wconf 85' lang='lat' dir='ltr'>eaedem</span> <span class='ocrx_word' id='word_1_182' title='bbox 444 1772 633 1811; x_wconf 84' lang='lat' dir='ltr'>rationes</span> <span class='ocrx_word' id='word_1_183' title='bbox 666 1771 925 1812; x_wconf 86' lang='lat' dir='ltr'>efficiuntur.</span> <span class='ocrx_word' id='word_1_184' title='bbox 976 1787 1161 1828; x_wconf 87' lang='lat' dir='ltr'>namque</span> <span class='ocrx_word' id='word_1_185' title='bbox 1191 1774 1389 1815; x_wconf 82' lang='lat' dir='ltr'>traicitur</span> <span class='ocrx_word' id='word_1_186' title='bbox 1419 1789 1495 1830; x_wconf 90' lang='lat' dir='ltr'>per</span> <span class='ocrx_word' id='word_1_187' title='bbox 1520 1775 1656 1817; x_wconf 85' lang='lat' dir='ltr'>latera</span> <span class='ocrx_word' id='word_1_188' title='bbox 1686 1792 1757 1833; x_wconf 86' lang='lat' dir='ltr'>pa-</span> 
     </span>
     <span class='ocr_line' id='line_1_27' title="bbox 238 1837 1757 1900; baseline 0.005 -23"><span class='ocrx_word' id='word_1_189' title='bbox 238 1838 394 1878; x_wconf 86' lang='lat' dir='ltr'>rietum</span> <span class='ocrx_word' id='word_1_190' title='bbox 424 1838 520 1878; x_wconf 81' lang='lat' dir='ltr'>axis</span> <span class='ocrx_word' id='word_1_191' title='bbox 552 1837 872 1879; x_wconf 21' lang='lat' dir='ltr'>liabensiextra-</span> <span class='ocrx_word' id='word_1_192' title='bbox 902 1854 1056 1880; x_wconf 85' lang='lat' dir='ltr'>navem</span> <span class='ocrx_word' id='word_1_193' title='bbox 1078 1841 1363 1895; x_wconf 87' lang='lat' dir='ltr'>prominentia</span> <span class='ocrx_word' id='word_1_194' title='bbox 1385 1843 1540 1898; x_wconf 83' lang='lat' dir='ltr'>capita,</span> <span class='ocrx_word' id='word_1_195' title='bbox 1573 1845 1617 1884; x_wconf 90' lang='lat' dir='ltr'>in</span> <span class='ocrx_word' id='word_1_196' title='bbox 1649 1859 1757 1900; x_wconf 86' lang='lat' dir='ltr'>quae</span> 
     </span>
    </p>
   </div>
   <div class='ocr_carea' id='block_1_7' title="bbox 196 1904 1755 1964">
    <p class='ocr_par' dir='ltr' id='par_1_8' title="bbox 196 1904 1755 1964">
     <span class='ocr_line' id='line_1_28' title="bbox 196 1904 1755 1964; baseline 0.006 -20"><span class='ocrx_word' id='word_1_197' title='bbox 196 1922 207 1928; x_wconf 75' lang='lat'><em>-</em></span> <span class='ocrx_word' id='word_1_198' title='bbox 240 1904 519 1945; x_wconf 82' lang='lat' dir='ltr'>includuntur</span> <span class='ocrx_word' id='word_1_199' title='bbox 555 1912 674 1946; x_wconf 84' lang='lat' dir='ltr'>rotae</span> <span class='ocrx_word' id='word_1_200' title='bbox 712 1906 923 1948; x_wconf 85' lang='lat' dir='ltr'>diametro</span> <span class='ocrx_word' id='word_1_201' title='bbox 961 1907 1119 1963; x_wconf 88' lang='lat' dir='ltr'>pedum</span> <span class='ocrx_word' id='word_1_202' title='bbox 1165 1915 1419 1964; x_wconf 87' lang='lat' dir='ltr'>quaternum</span> <span class='ocrx_word' id='word_1_203' title='bbox 1457 1919 1499 1951; x_wconf 92' lang='lat' dir='ltr'>et</span> <span class='ocrx_word' id='word_1_204' title='bbox 1545 1913 1755 1953; x_wconf 75' lang='lat' dir='ltr'>sextantis</span> 
     </span>
    </p>
   </div>
   <div class='ocr_carea' id='block_1_8' title="bbox 238 2030 1755 2247">
    <p class='ocr_par' dir='ltr' id='par_1_9' title="bbox 238 2030 1755 2247">
     <span class='ocr_line' id='line_1_29' title="bbox 330 2030 1754 2076; baseline 0.007 -16"><span class='ocrx_word' id='word_1_205' title='bbox 330 2032 345 2060; x_wconf 83' lang='lat'>1</span> <span class='ocrx_word' id='word_1_206' title='bbox 374 2030 490 2062; x_wconf 84' lang='lat' dir='ltr'>altero</span> <span class='ocrx_word' id='word_1_207' title='bbox 527 2030 772 2062; x_wconf 83' lang='lat' dir='ltr'>loculamento</span> <span class='ocrx_word' id='word_1_208' title='bbox 805 2032 884 2065; x_wconf 84' lang='lat' dir='ltr'>EG:</span> <span class='ocrx_word' id='word_1_209' title='bbox 930 2031 1049 2063; x_wconf 58' lang='lat' dir='ltr'>alteri-1</span> <span class='ocrx_word' id='word_1_210' title='bbox 1081 2033 1329 2065; x_wconf 74' lang='lat' dir='ltr'>loculamentsl</span> <span class='ocrx_word' id='word_1_211' title='bbox 1360 2036 1402 2066; x_wconf 85' lang='lat' dir='ltr'>ll</span> <span class='ocrx_word' id='word_1_212' title='bbox 1431 2035 1531 2076; x_wconf 77' lang='grc'><strong>(-1·1“1</strong></span> <span class='ocrx_word' id='word_1_213' title='bbox 1563 2040 1680 2069; x_wconf 88' lang='lat' dir='ltr'>—tum</span> <span class='ocrx_word' id='word_1_214' title='bbox 1712 2039 1754 2075; x_wconf 87' lang='lat' dir='ltr'>L,</span> 
     </span>
     <span class='ocr_line' id='line_1_30' title="bbox 241 2086 1755 2133; baseline 0.006 -17"><span class='ocrx_word' id='word_1_215' title='bbox 241 2096 361 2116; x_wconf 81' lang='lat' dir='ltr'>—rum</span> <span class='ocrx_word' id='word_1_216' title='bbox 388 2087 469 2117; x_wconf 77' lang='lat' dir='ltr'>—tfi</span> <span class='ocrx_word' id='word_1_217' title='bbox 497 2097 524 2125; x_wconf 82' lang='lat' dir='ltr'>c,</span> <span class='ocrx_word' id='word_1_218' title='bbox 552 2097 673 2118; x_wconf 88' lang='lat' dir='ltr'>—-rum</span> <span class='ocrx_word' id='word_1_219' title='bbox 698 2090 818 2118; x_wconf 89' lang='lat' dir='ltr'>—tum</span> <span class='ocrx_word' id='word_1_220' title='bbox 844 2088 880 2128; x_wconf 77' lang='lat' dir='ltr'>l).</span> <span class='ocrx_word' id='word_1_221' title='bbox 913 2086 929 2130; x_wconf 99' lang='grc' dir='ltr'>Η</span> <span class='ocrx_word' id='word_1_222' title='bbox 959 2089 980 2119; x_wconf 83' lang='grc'>4</span> <span class='ocrx_word' id='word_1_223' title='bbox 1004 2088 1125 2120; x_wconf 84' lang='lat' dir='ltr'>diurni</span> <span class='ocrx_word' id='word_1_224' title='bbox 1156 2091 1207 2121; x_wconf 79' lang='lat' dir='ltr'>ecl.</span> <span class='ocrx_word' id='word_1_225' title='bbox 1235 2090 1286 2121; x_wconf 80' lang='lat' dir='ltr'>Fl.</span> <span class='ocrx_word' id='word_1_226' title='bbox 1321 2090 1369 2130; x_wconf 79' lang='lat' dir='ltr'>(nt</span> <span class='ocrx_word' id='word_1_227' title='bbox 1393 2091 1489 2131; x_wconf 76' lang='lat' dir='ltr'>infra</span> <span class='ocrx_word' id='word_1_228' title='bbox 1512 2104 1541 2124; x_wconf 85' lang='grc' dir='ltr'>υ.</span> <span class='ocrx_word' id='word_1_229' title='bbox 1569 2093 1644 2133; x_wconf 83' lang='grc'>20);</span> <span class='ocrx_word' id='word_1_230' title='bbox 1679 2094 1755 2125; x_wconf 83' lang='grc'><strong>(1111-</strong></span> 
     </span>
     <span class='ocr_line' id='line_1_31' title="bbox 238 2139 1753 2189; baseline 0.007 -18"><span class='ocrx_word' id='word_1_231' title='bbox 238 2141 335 2172; x_wconf 79' lang='lat' dir='ltr'>turni</span> <span class='ocrx_word' id='word_1_232' title='bbox 359 2141 470 2172; x_wconf 84' lang='lat' dir='ltr'><em>EGH.</em></span> <span class='ocrx_word' id='word_1_233' title='bbox 502 2139 517 2183; x_wconf 92' lang='grc' dir='ltr'>Η</span> <span class='ocrx_word' id='word_1_234' title='bbox 550 2142 638 2173; x_wconf 85' lang='lat' dir='ltr'>reda</span> <span class='ocrx_word' id='word_1_235' title='bbox 663 2144 736 2176; x_wconf 46' lang='lat' dir='ltr'>eds</span> <span class='ocrx_word' id='word_1_236' title='bbox 763 2143 895 2175; x_wconf 82' lang='lat' dir='ltr'>raedae</span> <span class='ocrx_word' id='word_1_237' title='bbox 922 2142 1049 2186; x_wconf 63' lang='lat' dir='ltr'>(redae</span> <span class='ocrx_word' id='word_1_238' title='bbox 1078 2146 1114 2181; x_wconf 83' lang='lat' dir='ltr'>G,</span> <span class='ocrx_word' id='word_1_239' title='bbox 1142 2145 1226 2187; x_wconf 63' lang='lat' dir='ltr'>rede</span> <span class='ocrx_word' id='word_1_240' title='bbox 1252 2145 1297 2187; x_wconf 89' lang='lat' dir='ltr'>E)</span> <span class='ocrx_word' id='word_1_241' title='bbox 1324 2146 1438 2178; x_wconf 87' lang='lat' dir='ltr'><em>EGH.</em></span> <span class='ocrx_word' id='word_1_242' title='bbox 1462 2145 1477 2189; x_wconf 92' lang='grc' dir='ltr'>Η</span> <span class='ocrx_word' id='word_1_243' title='bbox 1499 2150 1518 2180; x_wconf 82' lang='grc'>5</span> <span class='ocrx_word' id='word_1_244' title='bbox 1544 2149 1634 2180; x_wconf 73' lang='lat' dir='ltr'>exiri</span> <span class='ocrx_word' id='word_1_245' title='bbox 1658 2150 1753 2183; x_wconf 83' lang='lat' dir='ltr'>·Joe.:</span> 
     </span>
     <span class='ocr_line' id='line_1_32' title="bbox 240 2195 1755 2247; baseline 0.008 -21"><span class='ocrx_word' id='word_1_246' title='bbox 240 2197 339 2228; x_wconf 78' lang='lat' dir='ltr'>exire</span> <span class='ocrx_word' id='word_1_247' title='bbox 365 2197 476 2228; x_wconf 85' lang='lat' dir='ltr'><em>EGII.</em></span> <span class='ocrx_word' id='word_1_248' title='bbox 507 2195 522 2239; x_wconf 93' lang='grc' dir='ltr'>Η</span> <span class='ocrx_word' id='word_1_249' title='bbox 555 2198 698 2239; x_wconf 84' lang='lat' dir='ltr'>inpedit</span> <span class='ocrx_word' id='word_1_250' title='bbox 717 2224 724 2230; x_wconf 86' lang='lat'><strong>.</strong></span> <span class='ocrx_word' id='word_1_251' title='bbox 745 2197 774 2230; x_wconf 71' lang='lat' dir='ltr'>Sc</span> <span class='ocrx_word' id='word_1_252' title='bbox 797 2200 834 2230; x_wconf 90' lang='lat' dir='ltr'>in</span> <span class='ocrx_word' id='word_1_253' title='bbox 858 2200 915 2231; x_wconf 87' lang='lat' dir='ltr'>his</span> <span class='ocrx_word' id='word_1_254' title='bbox 940 2201 981 2231; x_wconf 87' lang='lat' dir='ltr'>Il</span> <span class='ocrx_word' id='word_1_255' title='bbox 1003 2199 1111 2241; x_wconf 78' lang='lat' dir='ltr'><em>(Lle):</em></span> <span class='ocrx_word' id='word_1_256' title='bbox 1149 2202 1311 2243; x_wconf 86' lang='lat' dir='ltr'>impedit.</span> <span class='ocrx_word' id='word_1_257' title='bbox 1352 2203 1394 2234; x_wconf 88' lang='lat' dir='ltr'>In</span> <span class='ocrx_word' id='word_1_258' title='bbox 1419 2203 1475 2235; x_wconf 83' lang='lat' dir='ltr'>his</span> <span class='ocrx_word' id='word_1_259' title='bbox 1499 2205 1575 2239; x_wconf 85' lang='lat' dir='ltr'>EG.</span> <span class='ocrx_word' id='word_1_260' title='bbox 1607 2202 1621 2247; x_wconf 95' lang='grc' dir='ltr'>Η</span> <span class='ocrx_word' id='word_1_261' title='bbox 1653 2207 1672 2237; x_wconf 85' lang='grc'>7</span> <span class='ocrx_word' id='word_1_262' title='bbox 1699 2209 1755 2238; x_wconf 86' lang='lat' dir='ltr'>est</span> 
     </span>
    </p>
   </div>
   <div class='ocr_carea' id='block_1_9' title="bbox 239 2251 1779 2302">
    <p class='ocr_par' dir='ltr' id='par_1_10' title="bbox 239 2251 1779 2302">
     <span class='ocr_line' id='line_1_33' title="bbox 239 2251 1779 2302; baseline 0.007 -20"><span class='ocrx_word' id='word_1_263' title='bbox 239 2263 299 2286; x_wconf 81' lang='lat' dir='ltr'>om.</span> <span class='ocrx_word' id='word_1_264' title='bbox 326 2253 368 2284; x_wconf 85' lang='lat' dir='ltr'>E.</span> <span class='ocrx_word' id='word_1_265' title='bbox 401 2251 415 2294; x_wconf 91' lang='grc' dir='ltr'>Η</span> <span class='ocrx_word' id='word_1_266' title='bbox 446 2253 730 2286; x_wconf 83' lang='lat' dir='ltr'>loculamentum</span> <span class='ocrx_word' id='word_1_267' title='bbox 756 2255 918 2287; x_wconf 85' lang='lat' dir='ltr'>foramen</span> <span class='ocrx_word' id='word_1_268' title='bbox 946 2258 974 2290; x_wconf 73' lang='grc' dir='ltr'>ὗ.</span> <span class='ocrx_word' id='word_1_269' title='bbox 1000 2255 1064 2287; x_wconf 87' lang='lat' dir='ltr'>fiat</span> <span class='ocrx_word' id='word_1_270' title='bbox 1090 2267 1197 2288; x_wconf 88' lang='lat' dir='ltr'>unum</span> <span class='ocrx_word' id='word_1_271' title='bbox 1224 2285 1230 2291; x_wconf 87' lang='lat'>.</span> <span class='ocrx_word' id='word_1_272' title='bbox 1254 2285 1260 2292; x_wconf 90' lang='lat'><strong><em>.</em></strong></span> <span class='ocrx_word' id='word_1_273' title='bbox 1282 2282 1288 2289; x_wconf 96' lang='lat'>.</span> <span class='ocrx_word' id='word_1_274' title='bbox 1318 2259 1346 2290; x_wconf 89' lang='lat' dir='ltr'><em>G</em></span> <span class='ocrx_word' id='word_1_275' title='bbox 1370 2260 1449 2299; x_wconf 79' lang='lat' dir='ltr'>(non</span> <span class='ocrx_word' id='word_1_276' title='bbox 1474 2260 1532 2301; x_wconf 82' lang='lat' dir='ltr'>E).</span> <span class='ocrx_word' id='word_1_277' title='bbox 1565 2257 1581 2302; x_wconf 90' lang='grc' dir='ltr'>Η</span> <span class='ocrx_word' id='word_1_278' title='bbox 1621 2262 1661 2293; x_wconf 92' lang='grc'>10</span> <span class='ocrx_word' id='word_1_279' title='bbox 1686 2262 1779 2292; x_wconf 88' lang='lat' dir='ltr'>sin--</span> 
     </span>
    </p>
   </div>
   <div class='ocr_carea' id='block_1_10' title="bbox 235 2307 1755 2906">
    <p class='ocr_par' dir='ltr' id='par_1_11' title="bbox 235 2307 1755 2906">
     <span class='ocr_line' id='line_1_34' title="bbox 238 2307 1753 2354; baseline 0.008 -16"><span class='ocrx_word' id='word_1_280' title='bbox 238 2307 314 2349; x_wconf 85' lang='lat' dir='ltr'>guli</span> <span class='ocrx_word' id='word_1_281' title='bbox 340 2309 381 2339; x_wconf 88' lang='lat' dir='ltr'>II</span> <span class='ocrx_word' id='word_1_282' title='bbox 402 2308 513 2348; x_wconf 84' lang='lat' dir='ltr'>(Llc):</span> <span class='ocrx_word' id='word_1_283' title='bbox 538 2309 620 2340; x_wconf 89' lang='lat' dir='ltr'>—la</span> <span class='ocrx_word' id='word_1_284' title='bbox 646 2310 720 2341; x_wconf 89' lang='lat' dir='ltr'>EG.</span> <span class='ocrx_word' id='word_1_285' title='bbox 754 2307 768 2352; x_wconf 95' lang='grc' dir='ltr'>Η</span> <span class='ocrx_word' id='word_1_286' title='bbox 802 2312 842 2342; x_wconf 78' lang='grc'>12</span> <span class='ocrx_word' id='word_1_287' title='bbox 868 2312 1033 2353; x_wconf 84' lang='lat' dir='ltr'>tympani</span> <span class='ocrx_word' id='word_1_288' title='bbox 1061 2313 1095 2343; x_wconf 84' lang='lat' dir='ltr'><em>H</em></span> <span class='ocrx_word' id='word_1_289' title='bbox 1120 2312 1280 2354; x_wconf 75' lang='lat' dir='ltr'>(GcLlc):</span> <span class='ocrx_word' id='word_1_290' title='bbox 1307 2315 1409 2346; x_wconf 88' lang='lat' dir='ltr'>—nis</span> <span class='ocrx_word' id='word_1_291' title='bbox 1434 2315 1467 2346; x_wconf 89' lang='lat' dir='ltr'><em>E</em></span> <span class='ocrx_word' id='word_1_292' title='bbox 1492 2320 1524 2347; x_wconf 87' lang='lat' dir='ltr'>et</span> <span class='ocrx_word' id='word_1_293' title='bbox 1556 2321 1634 2348; x_wconf 81' lang='lat' dir='ltr'>ante</span> <span class='ocrx_word' id='word_1_294' title='bbox 1663 2327 1753 2351; x_wconf 81' lang='lat' dir='ltr'>corr.</span> 
     </span>
     <span class='ocr_line' id='line_1_35' title="bbox 241 2362 1755 2412; baseline 0.007 -18"><span class='ocrx_word' id='word_1_295' title='bbox 241 2364 278 2394; x_wconf 87' lang='lat' dir='ltr'>G.</span> <span class='ocrx_word' id='word_1_296' title='bbox 314 2362 327 2405; x_wconf 89' lang='grc' dir='ltr'>Η</span> <span class='ocrx_word' id='word_1_297' title='bbox 358 2364 563 2396; x_wconf 80' lang='lat' dir='ltr'>denticulas</span> <span class='ocrx_word' id='word_1_298' title='bbox 588 2365 620 2395; x_wconf 92' lang='lat' dir='ltr'><em>E</em></span> <span class='ocrx_word' id='word_1_299' title='bbox 651 2370 682 2396; x_wconf 79' lang='lat' dir='ltr'>el</span> <span class='ocrx_word' id='word_1_300' title='bbox 713 2371 790 2398; x_wconf 77' lang='lat' dir='ltr'>ante</span> <span class='ocrx_word' id='word_1_301' title='bbox 822 2378 910 2401; x_wconf 75' lang='lat' dir='ltr'>corr.</span> <span class='ocrx_word' id='word_1_302' title='bbox 939 2368 975 2399; x_wconf 84' lang='lat' dir='ltr'>G.</span> <span class='ocrx_word' id='word_1_303' title='bbox 1009 2365 1025 2410; x_wconf 91' lang='grc' dir='ltr'>Η</span> <span class='ocrx_word' id='word_1_304' title='bbox 1057 2370 1097 2400; x_wconf 90' lang='grc'>13</span> <span class='ocrx_word' id='word_1_305' title='bbox 1131 2368 1269 2400; x_wconf 82' lang='lat' dir='ltr'>efficiet</span> <span class='ocrx_word' id='word_1_306' title='bbox 1299 2373 1340 2401; x_wconf 87' lang='lat' dir='ltr'>ut</span> <span class='ocrx_word' id='word_1_307' title='bbox 1372 2381 1451 2402; x_wconf 85' lang='lat' dir='ltr'>eum</span> <span class='ocrx_word' id='word_1_308' title='bbox 1484 2374 1755 2412; x_wconf 86' lang='lat' dir='ltr'>quatercenties</span> 
     </span>
     <span class='ocr_line' id='line_1_36' title="bbox 238 2418 1753 2471; baseline 0.009 -23"><span class='ocrx_word' id='word_1_309' title='bbox 238 2418 345 2449; x_wconf 86' lang='lat' dir='ltr'>imum</span> <span class='ocrx_word' id='word_1_310' title='bbox 377 2420 467 2452; x_wconf 60' lang='grc' dir='ltr'>ἆσαι</span> <span class='ocrx_word' id='word_1_311' title='bbox 507 2420 739 2461; x_wconf 76' lang='lat' dir='ltr'>effici&amp;(-et</span> <span class='ocrx_word' id='word_1_312' title='bbox 767 2422 807 2462; x_wconf 88' lang='lat' dir='ltr'>G)</span> <span class='ocrx_word' id='word_1_313' title='bbox 842 2425 886 2454; x_wconf 70' lang='lat' dir='ltr'>cu</span> <span class='ocrx_word' id='word_1_314' title='bbox 919 2423 941 2462; x_wconf 95' lang='lat'>(.</span> <span class='ocrx_word' id='word_1_315' title='bbox 963 2424 1014 2455; x_wconf 75' lang='lat' dir='ltr'>Cfi</span> <span class='ocrx_word' id='word_1_316' title='bbox 1044 2424 1086 2461; x_wconf 89' lang='lat' dir='ltr'>G,</span> <span class='ocrx_word' id='word_1_317' title='bbox 1120 2423 1208 2455; x_wconf 88' lang='lat' dir='ltr'>Cum</span> <span class='ocrx_word' id='word_1_318' title='bbox 1233 2425 1278 2465; x_wconf 91' lang='lat' dir='ltr'>E)</span> <span class='ocrx_word' id='word_1_319' title='bbox 1313 2436 1400 2458; x_wconf 86' lang='lat' dir='ltr'>ecce</span> <span class='ocrx_word' id='word_1_320' title='bbox 1433 2426 1535 2468; x_wconf 83' lang='lat' dir='ltr'>(cccc</span> <span class='ocrx_word' id='word_1_321' title='bbox 1560 2430 1587 2460; x_wconf 75' lang='lat'>[⁶</span> <span class='ocrx_word' id='word_1_322' title='bbox 1612 2433 1644 2460; x_wconf 83' lang='lat' dir='ltr'>et</span> <span class='ocrx_word' id='word_1_323' title='bbox 1668 2430 1753 2471; x_wconf 81' lang='lat' dir='ltr'>rec.)</span> 
     </span>
     <span class='ocr_line' id='line_1_37' title="bbox 237 2474 1754 2524; baseline 0.009 -20"><span class='ocrx_word' id='word_1_324' title='bbox 237 2474 345 2505; x_wconf 85' lang='lat' dir='ltr'>imum</span> <span class='ocrx_word' id='word_1_325' title='bbox 371 2475 483 2507; x_wconf 87' lang='lat' dir='ltr'><em>EGH.</em></span> <span class='ocrx_word' id='word_1_326' title='bbox 516 2474 530 2517; x_wconf 94' lang='grc' dir='ltr'>Η</span> <span class='ocrx_word' id='word_1_327' title='bbox 563 2478 603 2507; x_wconf 77' lang='lat'>14</span> <span class='ocrx_word' id='word_1_328' title='bbox 629 2477 899 2520; x_wconf 82' lang='lat' dir='ltr'>circumagatur</span> <span class='ocrx_word' id='word_1_329' title='bbox 929 2480 1022 2511; x_wconf 57' lang='lat' dir='ltr'>docnt</span> <span class='ocrx_word' id='word_1_330' title='bbox 1060 2481 1205 2522; x_wconf 85' lang='lat' dir='ltr'>-gitur</span> <span class='ocrx_word' id='word_1_331' title='bbox 1229 2481 1342 2515; x_wconf 82' lang='lat' dir='ltr'><em>EGH.</em></span> <span class='ocrx_word' id='word_1_332' title='bbox 1375 2480 1390 2524; x_wconf 94' lang='grc' dir='ltr'>Η</span> <span class='ocrx_word' id='word_1_333' title='bbox 1429 2484 1469 2514; x_wconf 81' lang='grc'>16</span> <span class='ocrx_word' id='word_1_334' title='bbox 1497 2483 1669 2518; x_wconf 85' lang='lat' dir='ltr'><strong>CCCC.:</strong></span> <span class='ocrx_word' id='word_1_335' title='bbox 1705 2488 1754 2518; x_wconf 78' lang='lat' dir='ltr'>sic</span> 
     </span>
     <span class='ocr_line' id='line_1_38' title="bbox 237 2528 1753 2577; baseline 0.008 -17"><span class='ocrx_word' id='word_1_336' title='bbox 237 2529 349 2562; x_wconf 84' lang='lat' dir='ltr'><em>EGH.</em></span> <span class='ocrx_word' id='word_1_337' title='bbox 381 2528 395 2573; x_wconf 96' lang='grc' dir='ltr'>Η</span> <span class='ocrx_word' id='word_1_338' title='bbox 426 2531 489 2562; x_wconf 86' lang='lat' dir='ltr'>imi</span> <span class='ocrx_word' id='word_1_339' title='bbox 513 2533 678 2574; x_wconf 87' lang='lat' dir='ltr'>tympani</span> <span class='ocrx_word' id='word_1_340' title='bbox 704 2534 816 2565; x_wconf 85' lang='lat' dir='ltr'>semel</span> <span class='ocrx_word' id='word_1_341' title='bbox 841 2534 917 2565; x_wconf 74' lang='lat' dir='ltr'>Mc:</span> <span class='ocrx_word' id='word_1_342' title='bbox 952 2536 1012 2566; x_wconf 81' lang='lat' dir='ltr'>imi</span> <span class='ocrx_word' id='word_1_343' title='bbox 1038 2536 1203 2576; x_wconf 81' lang='lat' dir='ltr'>tympani</span> <span class='ocrx_word' id='word_1_344' title='bbox 1229 2537 1335 2568; x_wconf 88' lang='lat' dir='ltr'>simul</span> <span class='ocrx_word' id='word_1_345' title='bbox 1360 2538 1397 2568; x_wconf 87' lang='lat' dir='ltr'>ll</span> <span class='ocrx_word' id='word_1_346' title='bbox 1421 2538 1475 2577; x_wconf 78' lang='lat' dir='ltr'>(elz</span> <span class='ocrx_word' id='word_1_347' title='bbox 1500 2544 1533 2570; x_wconf 81' lang='lat' dir='ltr'>et</span> <span class='ocrx_word' id='word_1_348' title='bbox 1557 2545 1635 2571; x_wconf 81' lang='lat' dir='ltr'>ante</span> <span class='ocrx_word' id='word_1_349' title='bbox 1661 2552 1753 2576; x_wconf 80' lang='lat' dir='ltr'>corr.</span> 
     </span>
     <span class='ocr_line' id='line_1_39' title="bbox 235 2585 1749 2637; baseline 0.008 -22"><span class='ocrx_word' id='word_1_350' title='bbox 235 2586 273 2624; x_wconf 76' lang='lat' dir='ltr'>l),</span> <span class='ocrx_word' id='word_1_351' title='bbox 300 2585 504 2628; x_wconf 81' lang='lat' dir='ltr'>intympani</span> <span class='ocrx_word' id='word_1_352' title='bbox 529 2588 636 2619; x_wconf 86' lang='lat' dir='ltr'>simul</span> <span class='ocrx_word' id='word_1_353' title='bbox 661 2589 734 2620; x_wconf 88' lang='lat' dir='ltr'>EG.</span> <span class='ocrx_word' id='word_1_354' title='bbox 767 2587 781 2630; x_wconf 91' lang='grc' dir='ltr'>Η</span> <span class='ocrx_word' id='word_1_355' title='bbox 814 2590 854 2620; x_wconf 81' lang='grc'>18</span> <span class='ocrx_word' id='word_1_356' title='bbox 881 2590 1060 2622; x_wconf 79' lang='lat' dir='ltr'>deciderit</span> <span class='ocrx_word' id='word_1_357' title='bbox 1092 2591 1133 2624; x_wconf 85' lang='lat' dir='ltr'>E.</span> <span class='ocrx_word' id='word_1_358' title='bbox 1164 2589 1177 2633; x_wconf 93' lang='grc' dir='ltr'>Η</span> <span class='ocrx_word' id='word_1_359' title='bbox 1208 2593 1249 2624; x_wconf 75' lang='lat'>20</span> <span class='ocrx_word' id='word_1_360' title='bbox 1280 2594 1350 2624; x_wconf 88' lang='lat' dir='ltr'>imo</span> <span class='ocrx_word' id='word_1_361' title='bbox 1382 2595 1452 2627; x_wconf 82' lang='lat' dir='ltr'>ed.:</span> <span class='ocrx_word' id='word_1_362' title='bbox 1486 2605 1557 2627; x_wconf 90' lang='lat' dir='ltr'>uno</span> <span class='ocrx_word' id='word_1_363' title='bbox 1589 2595 1702 2627; x_wconf 89' lang='lat' dir='ltr'><em>EGH.</em></span> <span class='ocrx_word' id='word_1_364' title='bbox 1734 2596 1749 2637; x_wconf 79' lang='grc' dir='ltr'>Η</span> 
     </span>
     <span class='ocr_line' id='line_1_40' title="bbox 237 2643 1750 2694; baseline 0.009 -23"><span class='ocrx_word' id='word_1_365' title='bbox 237 2650 391 2672; x_wconf 84' lang='lat' dir='ltr'>summa:</span> <span class='ocrx_word' id='word_1_366' title='bbox 421 2643 470 2673; x_wconf 83' lang='lat' dir='ltr'>sic</span> <span class='ocrx_word' id='word_1_367' title='bbox 495 2643 601 2674; x_wconf 88' lang='lat' dir='ltr'>EGH</span> <span class='ocrx_word' id='word_1_368' title='bbox 623 2644 715 2683; x_wconf 78' lang='lat' dir='ltr'>(Llc,</span> <span class='ocrx_word' id='word_1_369' title='bbox 748 2648 882 2677; x_wconf 54' lang='lat' dir='ltr'>summi]</span> <span class='ocrx_word' id='word_1_370' title='bbox 910 2646 980 2686; x_wconf 68' lang='lat' dir='ltr'><em>GC).</em></span> <span class='ocrx_word' id='word_1_371' title='bbox 1012 2644 1027 2688; x_wconf 93' lang='grc' dir='ltr'>Η</span> <span class='ocrx_word' id='word_1_372' title='bbox 1059 2646 1222 2678; x_wconf 86' lang='lat' dir='ltr'>diurnum</span> <span class='ocrx_word' id='word_1_373' title='bbox 1254 2659 1331 2690; x_wconf 72' lang='lat'><em>690:</em></span> <span class='ocrx_word' id='word_1_374' title='bbox 1365 2649 1482 2681; x_wconf 89' lang='lat' dir='ltr'>diurni</span> <span class='ocrx_word' id='word_1_375' title='bbox 1514 2651 1627 2684; x_wconf 88' lang='lat' dir='ltr'><em>EGH.</em></span> <span class='ocrx_word' id='word_1_376' title='bbox 1663 2650 1667 2694; x_wconf 92' lang='grc' dir='ltr'>Ι</span> <span class='ocrx_word' id='word_1_377' title='bbox 1709 2654 1750 2684; x_wconf 75' lang='lat'>22</span> 
     </span>
     <span class='ocr_line' id='line_1_41' title="bbox 237 2698 1746 2750; baseline 0.008 -23"><span class='ocrx_word' id='word_1_378' title='bbox 237 2698 466 2738; x_wconf 81' lang='lat' dir='ltr'>11agationib3</span> <span class='ocrx_word' id='word_1_379' title='bbox 483 2704 560 2730; x_wconf 78' lang='lat' dir='ltr'>ante</span> <span class='ocrx_word' id='word_1_380' title='bbox 578 2710 667 2731; x_wconf 72' lang='lat' dir='ltr'>corr.</span> <span class='ocrx_word' id='word_1_381' title='bbox 682 2700 729 2732; x_wconf 77' lang='lat' dir='ltr'>Ji.</span> <span class='ocrx_word' id='word_1_382' title='bbox 753 2698 766 2741; x_wconf 91' lang='grc' dir='ltr'>Η</span> <span class='ocrx_word' id='word_1_383' title='bbox 792 2702 832 2732; x_wconf 74' lang='lat'>⁴23</span> <span class='ocrx_word' id='word_1_384' title='bbox 850 2702 997 2733; x_wconf 84' lang='lat' dir='ltr'>eaedem</span> <span class='ocrx_word' id='word_1_385' title='bbox 1017 2704 1176 2735; x_wconf 82' lang='lat' dir='ltr'>rationes</span> <span class='ocrx_word' id='word_1_386' title='bbox 1194 2714 1271 2745; x_wconf 72' lang='lat' dir='ltr'>eyo:</span> <span class='ocrx_word' id='word_1_387' title='bbox 1292 2704 1419 2736; x_wconf 84' lang='lat' dir='ltr'>eadem</span> <span class='ocrx_word' id='word_1_388' title='bbox 1437 2707 1579 2739; x_wconf 82' lang='lat' dir='ltr'>ratione</span> <span class='ocrx_word' id='word_1_389' title='bbox 1598 2708 1711 2739; x_wconf 84' lang='lat' dir='ltr'><em>EGH.</em></span> <span class='ocrx_word' id='word_1_390' title='bbox 1734 2708 1746 2750; x_wconf 57' lang='grc' dir='ltr'>Η</span> 
     </span>
     <span class='ocr_line' id='line_1_42' title="bbox 237 2752 1750 2804; baseline 0.009 -22"><span class='ocrx_word' id='word_1_391' title='bbox 237 2752 280 2782; x_wconf 76' lang='lat'>24</span> <span class='ocrx_word' id='word_1_392' title='bbox 305 2753 421 2794; x_wconf 69' lang='lat' dir='ltr'>inquae</span> <span class='ocrx_word' id='word_1_393' title='bbox 446 2754 479 2784; x_wconf 92' lang='lat' dir='ltr'><em>E</em></span> <span class='ocrx_word' id='word_1_394' title='bbox 505 2754 563 2795; x_wconf 82' lang='lat' dir='ltr'>(l),</span> <span class='ocrx_word' id='word_1_395' title='bbox 589 2755 696 2797; x_wconf 58' lang='lat' dir='ltr'>inque</span> <span class='ocrx_word' id='word_1_396' title='bbox 722 2756 763 2786; x_wconf 88' lang='lat' dir='ltr'><em>H</em></span> <span class='ocrx_word' id='word_1_397' title='bbox 785 2754 894 2795; x_wconf 77' lang='lat' dir='ltr'><em>(GcL‚</em></span> <span class='ocrx_word' id='word_1_398' title='bbox 921 2758 955 2788; x_wconf 92' lang='grc'>111</span> <span class='ocrx_word' id='word_1_399' title='bbox 983 2769 1053 2799; x_wconf 85' lang='lat' dir='ltr'>qua</span> <span class='ocrx_word' id='word_1_400' title='bbox 1071 2759 1141 2798; x_wconf 76' lang='lat' dir='ltr'>elz),</span> <span class='ocrx_word' id='word_1_401' title='bbox 1166 2759 1240 2800; x_wconf 77' lang='lat' dir='ltr'>inq&gt;</span> <span class='ocrx_word' id='word_1_402' title='bbox 1269 2764 1346 2791; x_wconf 82' lang='lat' dir='ltr'>ante</span> <span class='ocrx_word' id='word_1_403' title='bbox 1371 2771 1462 2793; x_wconf 77' lang='lat' dir='ltr'>corr.</span> <span class='ocrx_word' id='word_1_404' title='bbox 1483 2762 1521 2794; x_wconf 89' lang='lat' dir='ltr'>G.</span> <span class='ocrx_word' id='word_1_405' title='bbox 1549 2761 1564 2804; x_wconf 90' lang='grc' dir='ltr'>Η</span> <span class='ocrx_word' id='word_1_406' title='bbox 1593 2765 1635 2795; x_wconf 75' lang='lat'>25</span> <span class='ocrx_word' id='word_1_407' title='bbox 1661 2774 1750 2804; x_wconf 85' lang='lat' dir='ltr'>qua·</span> 
     </span>
     <span class='ocr_line' id='line_1_43' title="bbox 236 2808 1748 2862; baseline 0.01 -25"><span class='ocrx_word' id='word_1_408' title='bbox 236 2809 374 2838; x_wconf 75' lang='lat' dir='ltr'>tei-noni</span> <span class='ocrx_word' id='word_1_409' title='bbox 399 2813 476 2840; x_wconf 81' lang='lat' dir='ltr'>ante</span> <span class='ocrx_word' id='word_1_410' title='bbox 501 2820 594 2842; x_wconf 77' lang='lat' dir='ltr'>corr.</span> <span class='ocrx_word' id='word_1_411' title='bbox 621 2811 665 2844; x_wconf 90' lang='lat' dir='ltr'>H.</span> <span class='ocrx_word' id='word_1_412' title='bbox 700 2808 714 2852; x_wconf 83' lang='grc' dir='ltr'>Η</span> <span class='ocrx_word' id='word_1_413' title='bbox 747 2813 924 2844; x_wconf 72' lang='lat' dir='ltr'>sextantis</span> <span class='ocrx_word' id='word_1_414' title='bbox 949 2815 1040 2848; x_wconf 59' lang='grc' dir='ltr'>,Ιοιῃε</span> <span class='ocrx_word' id='word_1_415' title='bbox 1074 2817 1265 2846; x_wconf 78' lang='lat' dir='ltr'>sextantae</span> <span class='ocrx_word' id='word_1_416' title='bbox 1291 2816 1328 2845; x_wconf 88' lang='lat' dir='ltr'><em>H</em></span> <span class='ocrx_word' id='word_1_417' title='bbox 1354 2814 1422 2856; x_wconf 75' lang='lat' dir='ltr'>(elz,</span> <span class='ocrx_word' id='word_1_418' title='bbox 1449 2820 1530 2849; x_wconf 87' lang='lat' dir='ltr'>—te</span> <span class='ocrx_word' id='word_1_419' title='bbox 1559 2818 1642 2859; x_wconf 69' lang='lat' dir='ltr'><em>Lol),</em></span> <span class='ocrx_word' id='word_1_420' title='bbox 1669 2822 1748 2862; x_wconf 65' lang='lat' dir='ltr'>—te</span> 
     </span>
     <span class='ocr_line' id='line_1_44' title="bbox 241 2862 583 2906; baseline 0.018 -15"><span class='ocrx_word' id='word_1_421' title='bbox 241 2862 301 2893; x_wconf 80' lang='lat' dir='ltr'>EG</span> <span class='ocrx_word' id='word_1_422' title='bbox 327 2862 381 2902; x_wconf 79' lang='lat' dir='ltr'>(L,</span> <span class='ocrx_word' id='word_1_423' title='bbox 407 2867 485 2897; x_wconf 58' lang='lat' dir='ltr'>—tc</span> <span class='ocrx_word' id='word_1_424' title='bbox 514 2865 583 2906; x_wconf 76' lang='lat' dir='ltr'>Ge).</span> 
     </span>
    </p>
   </div>
   <div class='ocr_carea' id='block_1_11' title="bbox 1786 1718 1805 1748">
    <p class='ocr_par' dir='ltr' id='par_1_12' title="bbox 1786 1718 1805 1748">
     <span class='ocr_line' id='line_1_45' title="bbox 1786 1718 1805 1748; textangle 90"><span class='ocrx_word' id='word_1_425' title='bbox 1786 1718 1805 1748; x_wconf 67' lang='lat'>0&#39;1</span> 
     </span>
    </p>
   </div>
  </div>
 </body>
</html>
