1909 3322
117 942 156 971 10

118 1278 158 1307 15

182 215 258 255 152
712 240 715 243 -
828 221 1037 251 VITRUVII

177 327 475 377 instituentur,
509 323 784 364 fundationes
816 337 961 364 eorum
991 323 1085 364 fieri
1116 324 1275 365 debent
1306 326 1538 368 crassiores
1570 342 1696 382 quam

178 408 285 449 quae
324 393 368 432 in
408 390 701 447 superioribus
741 390 949 432 aedificiis
989 397 1229 432 structurae
1260 398 1358 433 sunt
1389 392 1580 448 futurae,
1628 409 1694 435 eo-

177 474 356 515 rumque
377 459 562 515 parietes
584 457 699 515 pilae
722 457 943 499 columnae
974 459 1029 499 ad
1059 459 1415 516 perpendiculum
1445 460 1695 503 inferiorum

179 527 318 568 medio
350 525 645 579 conlocentur,
683 527 747 567 uti
785 526 922 567 solido
961 527 1263 583 respondeant.
1323 542 1423 568 nam
1453 529 1491 569 si
1520 529 1566 569 in
1596 544 1697 585 pen-

179 595 380 636 dentibus
419 609 548 635 onera
586 594 747 635 fuerint
784 595 996 650 parietum
1034 600 1121 650 aut⁴
1147 594 1462 650 columnarum,
1501 611 1587 638 non
1624 613 1697 653 po-

179 668 320 705 terunt
360 661 519 703 habere
549 668 798 718 perpetuam
829 662 1090 703 firmitatem.
1157 669 1379 718 praeterea
1409 664 1522 705 inter
1551 664 1700 706 limina

180 729 415 771 secundum
455 729 564 785 pilas
604 736 645 770 et
681 735 803 770 antas
842 736 987 785 postes
1027 730 1064 770 si
1096 736 1413 786 supponentur,
1454 738 1579 773 erunt
1616 748 1701 773 non

180 798 376 839 vitiosae.
436 797 587 837 limina
625 797 738 837 enim
779 803 819 837 ct
856 797 1002 838 trabes
1041 799 1269 839 structuris
1308 813 1404 839 cum
1436 799 1524 840 sint
1554 814 1700 841 onera—

181 874 276 918 tae,
323 864 464 905 medio
504 865 642 920 spatio
681 864 921 920 pandantes
967 865 1174 920 frangunt
1219 866 1403 908 sublisas
1450 872 1700 908 structuras.

182 949 279 974 cum
299 940 441 974 autem
464 932 647 973 subiecti
668 932 828 973 fuerint
858 938 899 973 et
932 932 1186 974 subcuneati
1216 940 1383 990 postes,
1415 949 1499 976 non
1531 935 1700 991 patiun-

181 1008 250 1042 tur
272 1001 461 1042 insidere
490 999 633 1041 trabes
664 1015 803 1056 neque
835 1015 904 1041 eas
935 999 1119 1041 laedere.
1179 1002 1283 1042 item
1314 1001 1702 1044 administrandum
1728 1014 1747 1044 3

184 1075 247 1118 est
276 1070 338 1110 uti
370 1067 515 1109 levent
547 1082 651 1108 onus
683 1068 895 1123 parietum
926 1068 1230 1110 fornicationes
1263 1084 1494 1110 cuneorum
1525 1070 1702 1111 divisio-

182 1136 311 1177 nibus
351 1142 391 1176 et
428 1135 483 1176 ad
514 1142 707 1176 centrum
737 1135 1047 1192 respondentes
1080 1150 1223 1177 earum
1255 1136 1547 1178 conclusurae.
1608 1153 1703 1180 cum

184 1205 297 1244 enim
343 1209 466 1243 extra
510 1202 653 1244 trabes
698 1209 772 1244 aut
818 1202 1014 1244 liminum
1052 1204 1193 1260 capita
1230 1219 1354 1246 arcus
1393 1206 1538 1247 cuneis
1581 1212 1705 1246 erunt

185 1270 425 1324 conclusae,
455 1271 640 1327 primum
661 1286 745 1312 non
767 1271 976 1327 pandabit
998 1272 1196 1313 materies
1218 1271 1362 1313 levata
1383 1287 1525 1326 onere,
1549 1272 1706 1314 deinde

185 1339 219 1379 si
261 1338 374 1394 quod
405 1345 620 1379 vetustate
659 1340 814 1380 vitium
848 1340 1024 1395 ceperit,
1065 1340 1158 1380 sine
1189 1339 1411 1381 molitione
1448 1340 1705 1382 fulturarum

185 1405 372 1446 faciliter
402 1405 651 1447 mutabitur.
711 1407 899 1462 itemque
931 1421 1038 1462 quac
1076 1406 1245 1463 pilatim
1275 1414 1462 1462 aguntur
1491 1408 1704 1462 aedificia,

186 1488 280 1513 eum
312 1488 543 1515 cuneorum
582 1473 873 1515 divisionibus
912 1476 1176 1529 coagmentis
1214 1475 1270 1515 ad
1308 1482 1501 1517 centrum
1530 1491 1706 1533 respon·
1731 1486 1751 1517 4

187 1541 388 1582 dentibus
419 1541 604 1582 fornices
628 1541 953 1595 concluduntur,
987 1548 1205 1583 extremae
1228 1542 1340 1598 pilae
1368 1543 1412 1583 in
1433 1542 1500 1584 his
1531 1542 1704 1585 latiores

191 1609 330 1664 spatio
362 1614 460 1649 sunt
481 1608 723 1662 faciundae,
756 1611 821 1651 uti
841 1610 956 1650 vires
980 1624 1052 1650 eae
1072 1609 1280 1652 habentes
1303 1611 1504 1652 resistere
1525 1612 1706 1666 possint,

188 1691 282 1716 cum
322 1677 445 1716 cunci
483 1676 537 1717 ab
578 1676 779 1718 oneribus
816 1677 1029 1733 parietum
1066 1679 1206 1734 pressi
1243 1693 1320 1735 per
1358 1685 1612 1732 coagmenta
1650 1678 1705 1719 ad

188 1750 379 1784 centrum
411 1758 456 1784 se
486 1750 728 1800 prementes
761 1745 994 1786 extrudant
1027 1745 1265 1786 incumbas.
1325 1746 1471 1801 itaque
1502 1747 1538 1787 si
1576 1761 1708 1803 angu-

188 1811 296 1852 lares
328 1811 441 1866 pilae
473 1818 596 1852 erunt
617 1813 818 1868 spatiosis
840 1812 1227 1867 magnitudinibus,
1261 1813 1520 1855 continendo
1550 1828 1707 1856 cuneos

190 1879 436 1920 firmitatem
468 1879 669 1935 operibus
691 1880 986 1935 praestabunt.

303 1946 411 1987 Cum
459 1947 505 1987 in
547 1947 614 1988 his
660 1947 787 1989 rebus
836 1948 1184 1989 animadversum
1232 1948 1364 1990 fuerit
1408 1950 1473 1990 uti
1516 1964 1565 1989 ea
1611 1950 1706 1991 dili—
1733 1961 1752 1991 5

1726 677 1743 704 k:-

280 2061 300 2091 5
325 2063 498 2100 poterunt
522 2061 565 2092 G:
592 2062 755 2103 poterint
780 2063 817 2092 H
839 2061 946 2103 (Llc).
969 2060 982 2104 Η
1005 2063 1024 2093 6
1049 2062 1175 2093 limina
1200 2063 1251 2094 ed.
1282 2060 1330 2102 (ut
1346 2074 1373 2096 v.
1393 2065 1414 2095 8
1438 2064 1494 2095 ubi
1523 2069 1630 2096 tamen
1655 2064 1708 2096 lu-

192 2116 288 2147 mina
314 2115 387 2157 clz):
415 2117 552 2148 lumina
579 2118 653 2149 GH.
679 2115 693 2159 Η
718 2119 736 2149 7
761 2122 1009 2159 supponantur
1033 2123 1111 2150 ante
1135 2129 1224 2150 corr.
1250 2119 1298 2150 Il.
1329 2116 1342 2161 Η
1375 2121 1394 2150 9
1420 2119 1621 2160 pandantes
1643 2121 1710 2152 GH

193 2171 256 2212 (L,
289 2173 492 2213 pandentes
524 2173 579 2215 le).
612 2171 626 2215 Η
659 2172 816 2205 sublisas
849 2173 1003 2214 (sublisa
1028 2175 1132 2211 Plzil„
1159 2184 1267 2206 —sae
1300 2174 1432 2215 Selm.):
1471 2175 1609 2217 sublysi
1643 2176 1711 2208 GH

195 2228 249 2267 (L,
277 2228 405 2259 sublisi
433 2228 534 2269 Gcle).
568 2226 582 2270 Η
616 2230 655 2260 11
683 2229 840 2260 insidere
869 2230 895 2261 G
928 2229 1026 2270 (le):
1059 2229 1243 2268 inside'rra
1268 2232 1305 2262 H
1331 2231 1507 2272 (insidera
1532 2231 1588 2271 lc).
1619 2230 1634 2274 Η
1667 2234 1707 2263 12

192 2282 305 2323 utissle
333 2287 510 2316 ventonus
534 2286 572 2316 H
598 2284 909 2324 (utile-ventonus
935 2288 953 2321 l,
980 2286 1033 2317 uti
1050 2286 1264 2319 leventonus
1283 2298 1310 2324 c,
1335 2286 1539 2330 utillevent
1564 2298 1653 2319 onus
1678 2289 1707 2325 le,

193 2340 271 2373 uti.
290 2340 414 2371 levent
445 2351 533 2372 onus
567 2340 630 2381 L),
669 2341 746 2374 uti.
771 2340 1016 2373 Li'ventonus
1049 2347 1126 2374 ante
1158 2354 1248 2375 corr.
1284 2344 1311 2375 G
1345 2341 1489 2395 (utiwLe
1512 2343 1516 2383 Ι
1540 2344 1584 2375 G⁶
1613 2349 1646 2375 et
1675 2344 1708 2375 in

193 2409 340 2448 marqine
365 2407 437 2439 iat
452 2408 505 2439 uti
527 2406 531 2449 Ι
553 2406 736 2450 vent011‘⁴).
760 2406 773 2449 Η
798 2418 991 2440 cuneorum
1011 2409 1047 2440 H
1065 2408 1143 2449 (L):
1173 2420 1251 2440 cum
1278 2420 1397 2441 eorum
1427 2411 1453 2441 G
1479 2409 1514 2450 (l,
1542 2408 1709 2449 cumleo-

194 2474 269 2493 rum
295 2474 321 2497 e,
343 2465 387 2495 cu
406 2473 480 2505 eoy
497 2461 544 2504 72).
569 2461 584 2505 Η
612 2465 648 2494 14
674 2474 793 2495 arcus:
820 2466 868 2496 sz'c·
889 2466 954 2496 GII
972 2464 1024 2505 (Ie,
1054 2465 1142 2496 artis
1163 2464 1220 2504 L).
1244 2462 1258 2507 Η
1287 2466 1424 2497 cumeis
1449 2470 1526 2497 ante
1543 2477 1612 2497 ras.
1633 2467 1670 2497 G.
1691 2464 1706 2506 Η

197 2522 235 2550 15
261 2519 455 2551 conclusae
482 2520 535 2554 H,
567 2517 687 2561 Ecluse
724 2521 750 2551 G
782 2519 879 2561 (—se
912 2521 999 2557 Lele,
1024 2530 1108 2552 —se
1134 2522 1155 2552 l.
1193 2521 1237 2560 cf.
1269 2522 1379 2555 Prisc.
1408 2522 1442 2558 I,
1469 2524 1545 2558 2551,
1572 2525 1603 2553 5.
1632 2524 1708 2562 169,

195 2579 212 2605 li
239 2576 284 2606 Κ.
304 2593 342 2596 --
364 2575 527 2607 conclusi
550 2574 652 2615 tlon),
691 2573 705 2617 Η
743 2576 919 2616 pandabit
946 2576 1011 2607 GH
1038 2576 1097 2617 (Ic,
1124 2576 1299 2617 pandebit
1323 2578 1354 2608 l.
1387 2576 1457 2619 [υ]).
1490 2575 1504 2618 Η
1537 2578 1708 2609 materies

197 2631 262 2661 GH
288 2631 376 2671 <Ll):
404 2632 551 2662 matries
579 2631 605 2662 G
631 2629 711 2670 (elz).
736 2628 750 2673 Η
774 2633 813 2662 16
840 2631 934 2672 quod
958 2635 1159 2663 vetustate:
1185 2634 1233 2664 sic
1260 2634 1336 2666 GH.
1369 2631 1383 2674 Η
1417 2633 1555 2674 ceperit
1583 2633 1609 2663 G
1627 2631 1704 2672 (L):

197 2688 359 2727 coeperit
382 2686 557 2727 Jl(Gccl1,
585 2687 722 2728 ceperit
747 2689 781 2726 l).
819 2685 824 2728 Ι
863 2689 902 2719 18
930 2698 1008 2718 cum
1034 2698 1111 2728 eyo:
1145 2691 1181 2719 et
1214 2688 1289 2719 Gll.
1322 2686 1337 2730 Η
1378 2691 1417 2720 19
1450 2689 1608 2720 fornices
1643 2689 1708 2719 GH

197 2741 252 2782 (L,
281 2743 448 2774 fornaces
473 2743 529 2783 Ie).
565 2740 578 2785 Η
617 2744 659 2773 20
685 2742 897 2774 faciundae:
936 2745 983 2776 sie
1017 2744 1092 2776 GH.
1130 2741 1144 2786 Η
1184 2744 1253 2775 uti:
1291 2745 1340 2775 sic·
1367 2745 1442 2775 GH.
1477 2741 1491 2786 Η
1525 2754 1589 2775 eae
1622 2745 1704 2775 GH:

197 2797 264 2830 hae
292 2796 441 2840 (Llc,l1‹2
468 2797 504 2839 l).
532 2796 546 2841 Η
576 2800 617 2830 22
651 2798 843 2830 extrudant
873 2810 932 2840 eye
965 2799 1113 2839 (—-dunt
1142 2799 1228 2840 ecl.):
1269 2799 1502 2831 extruderent
1536 2800 1602 2831 GH
1633 2798 1705 2840 (lec,

198 2854 420 2885 extruderint
450 2855 496 2892 L,
531 2854 764 2887 extrudentes
790 2859 867 2886 ante
893 2867 982 2890 corr.
1007 2855 1043 2896 I).
1077 2854 1091 2898 Η
1123 2857 1164 2888 23
1195 2856 1367 2898 spatior-is
1399 2860 1476 2887 ante
1507 2867 1596 2888 corr.
1630 2856 1668 2887 G.
1688 2854 1703 2897 Η

197 2910 238 2940 25
269 2910 390 2941 fuerat
421 2916 498 2942 ante
521 2922 590 2942 ras.
619 2911 655 2942 G.
