1899 3322
102 374 122 405 9

80 1252 122 1282 10

80 1796 119 1826 11

581 262 643 292 DE
674 262 1029 294 ARCHITECTURA
1061 265 1152 294 LIB.
1186 266 1233 294 11.
1617 254 1671 294 49

261 365 330 405 De
347 364 553 405 latericiis
574 378 675 405 vero
694 364 926 405 dummodo
948 365 1002 405 ad
1025 365 1381 422 perpendiculum
1401 366 1486 406 sint
1509 371 1671 407 stantes

146 431 258 472 nihil
297 432 547 485 deducitur,
595 431 670 472 sed
718 433 867 486 quanti
913 431 1076 474 fuerint
1116 433 1217 474 olim
1256 433 1383 487 facti,
1430 434 1541 474 tanti
1580 447 1672 474 esse

147 513 317 555 semper
346 501 642 541 aestimantur.
702 500 849 554 itaque
887 499 1104 541 nonnullis
1144 501 1395 542 civitatibus
1428 507 1470 542 et
1499 500 1674 557 publica

147 581 277 623 opera
309 574 349 609 et
380 568 575 624 privatas
614 566 762 608 domos
804 567 932 608 etiam
963 568 1105 622 regias
1139 582 1161 607 e
1193 567 1324 609 latere
1357 575 1540 610 structas
1572 568 1673 610 licet

147 635 311 688 videre,
345 642 386 676 et
417 636 603 691 primum
624 634 811 675 Athenis
842 649 1012 675 murum
1045 635 1118 690 qui
1149 642 1314 691 spectat
1337 635 1392 676 ad
1414 636 1672 692 Hymettum

147 710 337 745 montem
368 709 409 744 et
439 701 762 755 Pentelensem,
802 701 906 743 item
936 702 1078 743 Patris
1118 703 1163 742 in
1201 702 1307 743 aede
1338 702 1456 744 Iovis
1490 710 1531 745 et
1561 703 1671 744 Her-

148 770 255 812 culis
296 770 510 812 latericias
551 769 682 811 cellas
694 803 704 823 7
750 784 847 810 cuin
887 771 1000 811 circa
1038 769 1210 825 lapidea
1248 771 1293 810 in
1331 770 1437 810 aede
1469 771 1671 827 epistylia

147 839 234 879 sint
265 844 306 879 et
338 837 581 892 columnae,
613 838 659 879 in
690 836 818 879 Italia
847 837 1022 879 Arretio
1054 843 1274 879 vetustum
1306 838 1479 892 egregie
1510 838 1670 880 factum

146 921 338 959 murum,
380 905 600 947 Trallibus
633 906 806 946 domum
844 905 1020 960 regibus
1052 904 1257 946 Attalicis
1290 904 1447 946 factam
1479 921 1587 961 quae
1616 907 1671 946 ad

147 973 430 1015 habitandum
462 988 630 1030 semper
660 972 788 1014 datur
820 974 859 1014 ei
899 974 972 1029 qui
1004 973 1195 1013 civitatis
1227 973 1339 1027 gerit
1370 973 1671 1014 sacerdotium.
1700 983 1740 1013 10

145 1043 250 1082 item
288 1041 614 1083 Lacedaemone
661 1055 683 1082 e
723 1039 982 1097 quibusdam
1028 1040 1266 1097 parietibus
1314 1041 1441 1082 etiam
1479 1041 1672 1096 picturae

147 1110 319 1150 excisae
357 1110 601 1151 intersectis
640 1107 848 1150 lateribus
888 1107 1081 1149 inclusae
1121 1115 1221 1149 sunt
1258 1108 1303 1148 in
1334 1107 1490 1163 ligneis
1522 1108 1672 1149 formis

145 1184 188 1218 et
218 1178 263 1217 in
294 1178 516 1219 comitium
554 1177 610 1218 ad
649 1182 847 1217 ornatum
884 1175 1120 1217 aedilitatis
1152 1176 1361 1216 Varronis
1395 1182 1436 1217 et
1466 1176 1674 1217 Murenae

146 1245 322 1286 fuerunt
353 1244 538 1286 adlatae.
600 1244 751 1286 Croesi
790 1243 962 1298 domus,
1003 1259 1130 1300 quam
1169 1243 1371 1286 Sardiani
1408 1243 1579 1284 civibus
1617 1243 1673 1283 ad

144 1313 500 1369 requiescendum
530 1313 685 1354 aetatis
717 1313 818 1365 otio,
851 1312 1068 1353 seniorum
1102 1311 1281 1366 collegio
1313 1312 1530 1366 gerusiam
1552 1310 1673 1352 dedi·
1702 1320 1742 1350 15

146 1388 367 1422 caverunt.
427 1382 532 1422 item
563 1379 872 1421 Halicarnasso
912 1379 1203 1435 potentissimi
1234 1380 1350 1433 regis
1381 1378 1568 1420 Mausoli
1600 1378 1672 1419 do-

144 1464 240 1490 mus
264 1463 360 1490 cum
382 1448 671 1491 Proconnesio
693 1462 905 1489 marmore
927 1447 1069 1489 omnia
1090 1446 1269 1487 haberet
1291 1453 1455 1500 ornata,
1485 1447 1673 1502 parietes

144 1516 275 1558 habet
305 1515 438 1558 latere
470 1522 671 1569 structos,
706 1516 779 1572 qui
809 1515 864 1556 ad
894 1515 974 1557 hoc
1005 1521 1174 1572 tempus
1206 1515 1424 1569 egregiam
1452 1520 1677 1570 praestant

144 1584 394 1626 firmitatem
432 1585 494 1625 ita
531 1584 724 1626 tectoriis
764 1583 966 1640 operibus
1000 1582 1183 1639 expoliti
1212 1582 1277 1623 uti
1307 1582 1412 1623 vitri
1442 1581 1672 1638 perlucidi-

144 1658 278 1693 tatem
315 1651 548 1693 videantur
583 1651 758 1693 habere.
825 1665 965 1708 neque
1002 1651 1038 1691 is
1076 1665 1157 1691 rex
1194 1649 1249 1691 ab
1288 1650 1433 1706 inopia
1472 1649 1517 1689 id
1555 1649 1671 1691 fecit.
1698 1658 1742 1689 ‘20

144 1719 326 1761 infinitis
359 1720 473 1761 enim
504 1719 795 1775 vectigalibus
820 1726 909 1760 erat
930 1718 1086 1771 fartus,
1120 1717 1234 1774 quod
1256 1718 1497 1774 imperabat
1520 1717 1672 1759 Cariae

146 1789 240 1829 toti.
284 1802 464 1829 acumen
485 1794 630 1828 autem
653 1788 743 1828 eius
767 1794 809 1828 et
831 1785 1066 1828 sollertiam
1100 1785 1157 1826 ad
1178 1785 1376 1826 aedificia
1397 1785 1588 1840 paranda
1610 1785 1673 1825 sic

145 1855 245 1896 licet
284 1855 571 1896 considerare.
632 1870 730 1896 cum
768 1860 881 1895 esset
920 1854 1031 1894 enim
1069 1859 1196 1894 natus
1234 1852 1418 1908 Mylasis
1458 1859 1499 1893 et
1537 1852 1670 1893 anim—

144 1922 406 1964 advertisset
428 1922 736 1964 Halicarnasso
768 1922 908 1963 locum
938 1920 1192 1963 naturaliter
1223 1934 1317 1961 esse
1344 1920 1558 1961 munitum
1586 1934 1667 1960 em-

143 1991 397 2047 poriumque
426 1990 628 2032 idoneum
659 1997 830 2047 portum
850 1989 1015 2043 utilem,
1047 1989 1109 2029 ibi
1131 1989 1216 2029 sibi
1238 1988 1411 2029 domum
1433 1988 1670 2029 constituit.
1697 1995 1740 2026 25

144 2060 180 2099 is
211 2064 355 2100 autem
385 2058 504 2100 locus
536 2065 600 2099 est
630 2058 789 2100 theatri
820 2063 1075 2099 curvaturae
1106 2056 1276 2097 similis.
1336 2057 1480 2112 itaque
1510 2056 1556 2096 in
1586 2055 1671 2096 imo

145 2126 382 2168 secundum
412 2133 582 2183 portum
612 2126 752 2167 forum
783 2132 848 2167 est
879 2126 1173 2174 constitutum.
1224 2138 1300 2180 per
1321 2123 1508 2164 mediam
1529 2129 1671 2164 autem

146 2193 390 2236 altitudinis
429 2201 705 2235 curvaturam
744 2194 1195 2250 praecinctionemque
1233 2191 1375 2248 platea
1404 2190 1545 2247 ampla
1575 2190 1670 2232 lati-

1698 645 1717 675 U!

239 2322 255 2352 1
282 2319 581 2362 prependieulum
607 2324 684 2352 ante
710 2330 800 2354 corr.
830 2322 868 2352 G.
901 2317 916 2362 Η
949 2321 968 2351 5
993 2320 1179 2361 hymectn't
1206 2318 1244 2349 H
1270 2317 1377 2358 (Llc),
1403 2317 1573 2348 lumettu‘i
1594 2317 1630 2348 G.
1651 2316 1668 2357 [ᾗ

147 2378 167 2409 6
192 2377 455 2409 Pentelensem
479 2377 570 2409 ἆσαι
597 2376 841 2408 tentelensem
869 2376 945 2408 GH.
980 2374 994 2418 Η
1026 2376 1150 2407 Patris
1179 2375 1250 2406 Gal.
1287 2373 1347 2414 (eoe
1374 2375 1458 2405 Plin.
1488 2376 1542 2410 35,
1570 2372 1671 2414 172):

146 2434 271 2475 paries
298 2433 375 2465 GH.
405 2431 420 2475 ΙΙ
452 2435 469 2464 7
496 2431 644 2474 lapidea
670 2434 740 2465 ed.:
768 2432 938 2474 lapideae
966 2433 1001 2463 H
1027 2431 1165 2471 (—daee
1192 2431 1236 2471 L,
1265 2430 1331 2472 dee
1357 2430 1392 2470 Ι),
1420 2428 1565 2470 lapidee
1593 2428 1630 2462 G.
1654 2425 1669 2469 ’1Ι

148 2491 168 2520 8
194 2489 329 2520 arretio
358 2489 442 2521 GH:
468 2489 605 2521 Arretii
630 2489 717 2520 Plzil.
751 2486 765 2530 Η
797 2490 817 2520 9
843 2488 1000 2520 tralibus
1028 2488 1104 2521 GH.
1138 2484 1153 2529 Η
1186 2486 1327 2518 (1011111111
1349 2510 1379 2518 ..
1396 2510 1402 2516 .
1422 2485 1560 2516 factam
1577 2485 1668 2517 λοοκς

148 2544 273 2576 (10111115
392 2545 494 2576 facta
522 2545 598 2577 GH.
631 2542 646 2587 ΙΙ
681 2546 720 2576 13
747 2555 912 2586 muri-ene
941 2544 980 2576 G.
1014 2541 1028 2585 Η
1057 2545 1099 2575 1-1
1124 2544 1244 2575 craesi
1274 2548 1351 2575 ante
1383 2553 1473 2573 corr.
1503 2542 1540 2572 G.
1573 2538 1591 2583 Π
1630 2541 1669 2571 15

149 2601 222 2632 otio
260 2601 296 2631 Il
333 2599 443 2640 (Llc):
486 2605 567 2632 octo
607 2601 634 2632 G
672 2602 748 2641 (sed
782 2603 815 2632 in
851 2611 956 2642 mary.
997 2601 1041 2632 Ge
1069 2601 1084 2631 ῑ
1121 2599 1159 2631 al
1184 2599 1290 2640 otu'i).
1329 2596 1344 2641 Η
1375 2598 1584 2640 {gerusiamz
1621 2598 1670 2628 sic

152 2657 228 2689 GH.
261 2654 275 2698 Η
310 2658 349 2688 16
375 2657 642 2689 helicarnassio
675 2662 752 2688 ante
783 2668 872 2689 corr.
905 2656 950 2693 G,
983 2656 1212 2688 alicarnasso
1240 2656 1275 2687 H
1306 2654 1468 2695 (G‹*ch):
1501 2652 1669 2684 Halicar-

149 2712 249 2744 nassi
275 2714 343 2752 ed„
370 2717 404 2743 ut
429 2714 523 2753 infra
548 2724 575 2745 v.
602 2714 658 2744 24.
692 2711 706 2755 ΙΙ
745 2712 1024 2754 potentissimae
1050 2712 1096 2744 H.
1130 2709 1146 2754 11
1180 2714 1218 2743 17
1252 2711 1516 2753 proconnensio
1545 2709 1621 2739 GH.
1650 2708 1665 2750 χΙ

151 2771 191 2800 19
216 2768 423 2810 pliciditatf·
455 2775 533 2801 ante
565 2779 655 2802 corr.
685 2769 722 2801 G.
756 2767 770 2811 Η
802 2770 843 2800 21
877 2767 1028 2799 infinitis
1055 2770 1127 2802 ed.:
1161 2767 1351 2799 ininfinitis
1372 2767 1447 2797 Gll.
1481 2763 1495 2806 Η
1527 2766 1569 2795 23
1596 2775 1668 2806 my-

150 2847 249 2879 lasus
287 2851 365 2879 ante
403 2858 492 2880 corr.
534 2848 569 2878 H
603 2846 768 2888 (mylasis
806 2846 956 2888 Heme),
997 2846 1148 2888 mylasis
1190 2847 1216 2878 G
1247 2844 1324 2885 (sed
1355 2822 1450 2887 *sis
1480 2842 1550 2885 Ge),
1583 2840 1668 2885 [124

152 2902 379 2935 alicarnasso
409 2904 526 2935 iterum
562 2903 636 2935 GH.
677 2901 691 2946 ΙΙ
729 2903 812 2936 loesi
848 2903 891 2935 G:
929 2901 1008 2935 loeo
1042 2913 1122 2934 cum
1153 2903 1190 2933 H
1222 2899 1324 2942 (hle).
1364 2898 1378 2942 [Ι
1417 2900 1460 2932 ‘25
1490 2898 1579 2931 utile
1609 2899 1667 2930 elz:

150 2958 243 2991 utile
271 2959 337 2991 GH
362 2957 447 3001 (LI).

197 3025 347 3048 VITRUV.
373 3026 417 3046 DE
444 3025 593 3047 Ancum.
1370 3011 1398 3050 4
