1899 3322
601 234 661 264 DE
692 234 1048 266 ARcfflTEe‘rrRA
1080 237 1169 266 Lm.
1203 238 1231 266 1.
1623 225 1673 264 21

152 340 383 381 habuerint
413 338 469 379 ad
490 337 661 379 moenia
691 338 1052 393 comportationes
1086 338 1327 395 expeditas,
1359 345 1462 380 tune
1493 338 1679 378 turrium

152 420 460 462 murorumque
498 404 779 446 fundamenta
817 405 878 446 sic
910 411 1009 445 sunt
1040 405 1237 448 facienda
1278 407 1340 448 uti
1373 405 1609 457 fodiantur,
1644 406 1680 445 si

153 481 281 532 queat
313 474 516 526 inveniri,
547 472 603 513 ad
635 471 823 514 solidum
855 479 896 512 et
926 472 972 512 in
1004 471 1166 524 solido,
1201 480 1408 529 quantum
1440 487 1495 514 ex
1525 471 1676 528 ampli-

151 543 303 584 tudine
348 542 489 598 operis
535 555 612 596 pro
658 540 823 581 ratione
869 538 1091 593 videatur,
1139 540 1426 582 crassitudine
1471 539 1679 597 ampliore

154 626 280 668 quam
303 610 516 666 parietum
538 608 613 664 qui
644 622 775 663 supra¹
805 614 964 648 terram
996 614 1095 648 sunt
1126 607 1285 660 futuri,
1319 615 1359 649 et
1392 622 1441 648 ca
1472 606 1677 663 implean-

107 697 114 702 ·
158 685 229 720 tur
251 693 379 734 quam
401 675 663 718 solidissima
687 682 917 716 structura.
978 675 1081 716 item
1102 682 1241 716 turres
1274 682 1372 716 sunt
1403 674 1679 732 proiciendae

152 748 197 788 in
229 745 489 787 exteriorem
519 750 698 800 partem,
731 744 796 784 uti
828 757 925 783 cum
955 742 1011 783 ad
1042 757 1212 783 murum
1244 743 1379 784 hostis
1412 744 1576 798 impetu
1608 756 1678 782 ve-

152 813 202 855 lit
248 812 618 870 adpropinquare,
665 826 690 851 a
734 810 927 852 turribus
967 809 1123 851 dextra
1168 826 1218 851 ae
1256 811 1430 851 sinistra
1469 809 1678 850 lateribus

152 882 314 938 apertis
356 879 455 921 telis
496 878 760 920 vulneretur.
836 877 1162 934 curandumque
1200 879 1388 918 maxime
1427 877 1602 918 videtur
1633 883 1678 916 ut
1712 907 1715 908 γ

152 964 238 990 non
277 946 417 989 facilis
455 947 600 989 aditus
633 947 688 988 sit
724 946 781 986 ad
812 946 1152 1002 oppugnandum
1183 960 1366 999 murum,
1400 943 1477 985 sed
1507 945 1567 984 ita
1599 944 1678 983 cir-

154 1015 446 1058 cumdandum
483 1015 540 1056 ad
577 1014 669 1055 loca
707 1014 963 1070 praecipitia
994 1020 1036 1055 et
1075 1012 1411 1068 excogitandum
1441 1013 1506 1053 uti
1538 1017 1678 1067 porta-

154 1099 249 1125 rum
286 1084 442 1125 itinera
478 1098 564 1125 non
603 1082 688 1124 sint
726 1081 890 1122 directa
930 1081 1006 1123 scd
1047 1096 1215 1123 scaeva.
1275 1095 1461 1136 namque
1492 1094 1588 1120 cum
1622 1079 1679 1118 ita

153 1153 316 1194 factum
355 1150 508 1204 fuerit,
548 1157 638 1192 tum
676 1149 880 1190 dextrum
919 1148 1030 1190 latus
1073 1148 1380 1190 accedentibus
1413 1146 1528 1203 quod
1561 1152 1681 1188 scuto

154 1235 240 1262 non
285 1219 365 1260 erit
402 1224 564 1259 tectum
608 1218 854 1274 proximum
901 1218 982 1258 erit
1027 1232 1163 1258 muro.
1236 1215 1498 1257 conlocanda
1537 1220 1681 1255 autem

155 1288 314 1345 oppida
360 1293 459 1328 sunt
503 1301 588 1327 non
635 1284 843 1342 quadrata
882 1300 961 1325 nec
998 1284 1355 1341 procurrentibus
1393 1282 1564 1338 angulis
1605 1281 1679 1322 sed

156 1354 544 1407 circumitionibus,
577 1355 641 1395 uti
662 1353 798 1394 hostis
821 1367 876 1393 ex
907 1352 1103 1409 pluribus
1135 1352 1240 1394 locis
1273 1352 1577 1407 conspiciatur.
1638 1350 1682 1389 in

157 1423 314 1480 quibus
348 1423 461 1463 enim
491 1421 644 1477 anguli
674 1427 953 1477 procurrunt,
997 1419 1236 1461 difficiliter
1267 1418 1530 1469 defenditur,
1564 1415 1679 1472 quod

113 1508 119 1514 ·
156 1490 340 1547 angulus
379 1490 518 1544 magis
557 1489 724 1531 hostem
762 1494 909 1529 tuetur
947 1503 1076 1544 quam
1115 1488 1268 1528 civem.
1345 1483 1679 1527 crassitudinem

155 1565 300 1601 autem
338 1558 449 1599 muri
487 1559 547 1599 ita
584 1556 829 1598 faciendam
861 1571 1013 1597 censeo
1045 1556 1109 1597 uti
1139 1554 1294 1596 armati
1325 1553 1520 1595 homines
1553 1566 1681 1607 supra

157 1628 332 1669 obviam
384 1626 610 1666 venientes
661 1623 771 1665 alius
816 1623 949 1665 alium
994 1624 1086 1666 sine
1135 1621 1403 1679 inpeditione
1447 1620 1682 1677 praeterire

156 1696 340 1753 possint.
365 1681 374 1690 ⁸
415 1699 506 1734 tum
551 1694 597 1733 in
642 1691 929 1734 crassitudine
976 1697 1211 1747 perpetuae
1250 1688 1388 1730 taleae
1434 1688 1682 1742 oleagineae

156 1763 358 1805 ustilatae
399 1776 527 1817 quam
565 1760 852 1802 creberrimae
891 1760 1183 1811 instruantur,
1222 1758 1286 1798 uti
1326 1763 1532 1811 utraeque
1571 1755 1682 1794 muri

158 1831 321 1872 frontes
352 1830 464 1870 inter
496 1843 562 1881 se,
595 1826 957 1884 quemadmodum
988 1825 1132 1867 fibulis
1142 1858 1153 1879 7
1185 1825 1252 1866 his
1284 1823 1409 1865 taleis
1442 1821 1684 1877 conligatae

157 1906 374 1940 aeternam
395 1895 582 1938 habeant
606 1896 866 1936 firmitatem.
926 1908 1110 1949 namque
1133 1894 1172 1934 ei
1202 1892 1408 1933 materiae
1437 1905 1517 1931 nee
1547 1891 1684 1931 caries

157 1981 237 2008 nee
280 1971 560 2021 tempestates
604 1977 684 2004 nec
729 1969 923 2004 vetustas
954 1967 1097 2018 potest
1127 1975 1302 2013 nocere,
1351 1958 1428 2000 sed
1474 1973 1520 1999 ea
1560 1964 1602 1999 et
1640 1959 1685 1998 in

159 2042 274 2076 terra
304 2032 459 2074 obruta
490 2039 531 2074 et
563 2032 606 2072 in
637 2046 748 2087 aqua
780 2029 1000 2071 conlocata
1032 2034 1254 2086 permanet
1287 2028 1380 2070 sine
1411 2027 1532 2068 vitiis
1563 2024 1682 2066 utilis

160 2101 435 2158 sempiterno.
502 2101 648 2156 itaque
685 2113 771 2140 non
808 2089 953 2139 solum*
984 2098 1029 2138 in
1065 2111 1187 2138 muro
1227 2095 1303 2137 sed
1342 2095 1470 2136 etiam
1508 2094 1553 2134 in
1585 2092 1683 2134 sub-

161 2168 470 2212 structionibus
511 2167 669 2223 quique
715 2166 901 2223 parietes
939 2164 1095 2206 murali
1133 2162 1421 2205 crassitudine
1460 2167 1583 2201 erunt
1622 2159 1682 2200 fa-

162 2236 308 2278 ciundi
346 2235 425 2276 hac
461 2236 627 2276 ratione
664 2233 837 2288 religati
874 2248 960 2275 non
991 2233 1076 2275 cito
1107 2231 1394 2273 vitiabuntur.
1454 2227 1685 2270 intervalla

253 2377 268 2406 l
295 2373 491 2406 habuerint
516 2374 587 2404 ecl.:
615 2372 708 2403 —rit
735 2372 811 2403 GH.
843 2368 859 2413 [l
891 2374 910 2404 3
936 2373 1046 2413 queat
1064 2372 1118 2402 ecl.
1137 2370 1206 2402 Fl.:
1235 2371 1372 2411 queant
1393 2368 1468 2399 Gll.
1503 2365 1517 2408 Ι]
1549 2365 1683 2398 4vide-

162 2435 243 2465 atur
270 2431 313 2463 G:
339 2432 494 2461 —antur
510 2430 548 2460 Il
567 2427 672 2469 (Lle).
691 2425 706 2470 Η
724 2427 949 2459 cassitudine
974 2432 1052 2459 (ιηιε
1070 2437 1160 2459 corr.
1188 2427 1234 2459 ll.
1267 2422 1282 2466 ῘΙ
1315 2426 1334 2456 5
1361 2424 1475 2455 futuri
1493 2425 1576 2454 sunt
1601 2422 1642 2452 L.
1678 2422 1680 2461 1

163 2490 182 2520 9
208 2486 445 2520 vulnerentur
472 2486 532 2517 G⁶:
567 2484 806 2517 vulnerentur
833 2484 909 2517 GH.
942 2481 956 2525 Η
991 2485 1030 2515 13
1056 2486 1132 2514 tum
1157 2483 1198 2513 H
1221 2480 1336 2522 (Llc):
1375 2481 1454 2512 dum
1483 2479 1519 2510 G.
1544 2476 1558 2520 Η
1584 2488 1684 2509 acce-

163 2544 334 2576 dentibus
367 2540 905 2582 Gllc(Llc>:·ascendend1bus
939 2539 1015 2581 (sie)
1049 2544 1127 2571 ante
1159 2549 1249 2572 corr.
1285 2538 1329 2568 ll.
1354 2535 1368 2579 Η
1393 2535 1486 2576 quod
1520 2537 1579 2564 lic:
1614 2543 1684 2573 quo

166 2601 243 2633 GH.
271 2597 286 2642 Η
320 2600 360 2631 18
387 2598 500 2631 ιιιὸειιῑ
526 2599 563 2629 II
580 2596 688 2639 (Llc):
718 2600 865 2629 tueatur
885 2597 923 2628 G.
955 2594 970 2638 {l
1004 2598 1044 2628 19
1071 2598 1191 2627 autem
1217 2606 1278 2628 om.
1298 2594 1339 2628 L.
1369 2590 1384 2635 ll
1412 2593 1451 2623 21
1481 2594 1554 2621 tum
1582 2590 1685 2621 Phia:

165 2657 247 2688 dum
275 2656 353 2689 GH.
372 2653 387 2698 {l
404 2655 525 2687 taleae
555 2655 629 2686 Joc.
661 2652 694 2695 (e
720 2665 748 2687 υ.
774 2653 853 2694 23):
894 2652 1045 2684 tabulae
1079 2653 1155 2684 GH.
1189 2649 1204 2693 Η
1238 2652 1278 2682 22
1312 2648 1502 2680 ustilatae:
1543 2647 1592 2677 sic
1620 2645 1688 2676 GH

165 2711 269 2753 (Llc).
300 2711 314 2754 ΙΙ
349 2713 392 2743 23
416 2709 577 2743 histalels
599 2710 665 2741 GH
690 2708 735 2752 (e,
762 2709 927 2741 histalels
939 2709 981 2748 L,
1008 2708 1065 2740 his
1085 2707 1198 2739 taleis
1217 2706 1253 2747 l).
1278 2703 1293 2748 ss
1316 2706 1357 2736 24
1384 2703 1560 2734 maceriae
1588 2702 1642 2732 (lc.
1680 2699 1682 2738 ζ

164 2779 232 2800 nee
259 2778 372 2800 caries
399 2766 457 2808 (ef.
491 2766 576 2802 VII,
605 2768 638 2803 3,
667 2766 698 2807 1)
728 2766 827 2797 Gcllc
854 2764 913 2805 (L,
940 2774 1129 2797 neccaries
1155 2763 1198 2805 l):
1226 2772 1288 2794 nec
1315 2761 1410 2792 aries
1436 2762 1512 2789 ante
1539 2768 1630 2788 corr.
1659 2758 1685 2787 (ι’

166 2825 253 2866 (cle),
286 2824 507 2856 necessarios
539 2827 616 2855 ante
641 2833 732 2855 corr.
762 2823 807 2853 ll.
841 2820 855 2863 [Ι
893 2822 935 2853 25
966 2824 1202 2863 tempestates
1235 2819 1269 2849 ll
1296 2816 1388 2857 (Ll):
1426 2817 1624 2856 tempestas
1658 2815 1685 2843 li

166 2881 246 2921 (cll).
284 2878 299 2922 ΙΙ
330 2881 373 2912 26
404 2883 591 2922 permanet
618 2880 645 2911 G
671 2877 750 2919 (L):
783 2880 996 2919 permanent
1024 2878 1061 2909 ΙΙ
1084 2875 1164 2916 {(l‹·).
1203 2873 1217 2916 Η
1255 2876 1297 2905 23
1330 2871 1493 2904 faciundi
1527 2871 1592 2902 GH
1625 2869 1686 2911 (L,

167 2936 296 2969 —endi
322 2935 377 2978 le).

1709 956 1748 985 10

1709 1294 1748 1322 15

1709 1630 1751 1660 ΞΗ)
