1899 3322
47 329 166 371 (vm)

131 1009 151 1038 10

61 1953 143 1993 (IX)

621 218 691 257 DE,
713 219 1067 254 AaefflTEcTURA
1100 227 1189 256 [ΑΒ.
1224 228 1263 257 v.
1621 223 1695 263 121

297 317 406 359 Cum
427 317 531 358 haec
551 320 694 360 omnia
715 336 882 362 summa
913 338 1014 365 cura
1045 326 1320 386 sollertiaque
1346 333 1561 390 explicata
1583 342 1698 389 sunt,

180 391 282 425 tunc
320 386 448 426 etiam
486 385 737 441 diligentius
775 396 840 430 est
876 392 1312 440 animadvertendum
1352 402 1416 443 uti
1447 402 1504 444 sit
1535 402 1696 444 electus

178 451 319 506 locus,
352 453 394 493 in
427 468 509 508 quo
540 453 693 496 leniter
721 456 910 513 adplicet
940 474 985 500 se
1016 475 1104 501 vox
1132 478 1271 520 neque
1302 468 1473 524 repulsa
1502 470 1698 512 resiliens

178 520 362 562 incertas
400 521 578 563 auribus
616 523 775 565 referat
805 526 1161 580 significationes.
1228 541 1328 575 sunt
1359 537 1474 577 enim
1503 538 1698 585 nonnulli

178 586 261 628 loci
292 587 546 630 naturaliter
575 590 845 647 inpedientes
878 596 997 636 vocis
1029 602 1191 650 motus,
1225 601 1287 641 uti
1320 601 1590 646 dissonantes
1624 607 1698 662 qui

177 670 332 709 graece
370 655 572 698 dicuntur
611 673 926 714 κατηχουντες,
967 663 1331 710 circumsonantes
1373 672 1446 725 qui
1476 673 1592 728 apud
1624 689 1695 716 eos

177 723 452 764 nominantur
482 738 812 781 περιηχουντες,
844 729 947 769 item
977 739 1228 774 resonantes
1260 737 1333 791 qui
1365 737 1566 781 dicuntur
1596 756 1694 783 αντ-

178 805 410 844 ηχουλντες,
449 800 819 851 consonantesque
847 810 952 852 quos
983 799 1203 855 appellant
1241 813 1558 857 συνηχουυτας.
1608 808 1693 850 dis-

177 864 378 900 sonantes
417 866 517 900 sunt
554 861 599 902 in
631 862 786 917 quibus
820 878 907 904 Vox
938 867 1076 920 prima
1107 882 1204 909 eum
1235 876 1299 911 est
1331 871 1442 914 elata
1473 875 1517 914 in
1547 874 1693 916 altitu-

177 924 342 979 dinem,
374 926 534 968 offensa
556 930 852 985 superioribus
881 931 1031 973 solidis
1063 937 1313 991 corporibus
1344 940 1601 997 repulsaque
1632 957 1694 983 re-

176 992 322 1035 sidens
355 994 398 1034 in
429 995 514 1036 imo
545 997 750 1053 opprimit
780 999 1044 1056 insequentis
1075 1004 1476 1062 vocislelationem,
1516 1010 1695 1050 circum-

176 1068 375 1102 sonantes
412 1069 556 1104 autem
595 1065 638 1105 in
677 1065 833 1121 quibus
870 1069 1234 1125 circumvagando
1266 1081 1415 1116 coacta
1446 1075 1695 1118 exolescens

174 1129 220 1169 in
249 1129 392 1170 medio
403 1162 413 1182 ,
447 1131 540 1171 sine
572 1134 778 1174 extremis
811 1136 982 1177 casibus
1014 1153 1171 1181 sonans
1210 1140 1272 1182 ibi
1311 1143 1593 1198 extinguatur
1630 1145 1693 1186 in-

175 1201 291 1237 certa
312 1197 543 1239 verborum
565 1200 897 1256 significatione,
929 1214 1178 1249 resonantes
1202 1223 1303 1251 vero
1334 1211 1380 1251 in
1411 1211 1567 1267 quibus
1599 1227 1695 1253 cum

175 1265 218 1304 in
256 1264 394 1305 solido
432 1271 550 1307 tactu
590 1282 793 1323 percussa
830 1270 1017 1326 resiliat,
1057 1274 1268 1330 imagines
1309 1278 1590 1334 exprimendo
1620 1295 1693 1321 no-

176 1332 376 1373 vissimos
399 1347 523 1374 casus
545 1334 738 1390 duplices
770 1337 900 1378 faeiat
931 1340 1094 1382 auditu.
1155 1343 1258 1383 item
1290 1353 1573 1388 consonantes
1596 1354 1696 1389 sunt

175 1400 218 1439 in
257 1399 413 1455 quibus
451 1400 507 1441 ab
539 1402 636 1444 imis
666 1403 875 1446 auxiliata
906 1420 1001 1447 cum
1033 1409 1296 1452 incremento
1329 1413 1540 1455 scandens
1573 1429 1693 1469 egre-

175 1467 320 1508 diatur
357 1467 413 1507 ad
450 1483 574 1509 aures
614 1469 779 1512 diserta
817 1473 1047 1516 verborum
1078 1477 1287 1520 claritate.
1348 1481 1409 1521 ita
1440 1482 1476 1522 si
1506 1483 1551 1522 in
1581 1481 1693 1523 loeo-

173 1550 267 1592 rum
306 1534 514 1577 electione
551 1536 682 1579 fuerit
720 1538 906 1594 diligens
939 1543 1287 1599 animadversio,
1329 1549 1580 1590 emendatus
1613 1551 1695 1591 erit

173 1602 404 1658 prudentia
424 1603 479 1643 ad
510 1604 740 1647 utilitatem
770 1608 815 1647 in
848 1608 1025 1651 theatris
1057 1614 1176 1654 Vocis
1209 1614 1398 1656 effectus.
1458 1617 1693 1658 formarum
1719 1633 1726 1646 ⁴

173 1676 315 1710 autem
347 1670 659 1727 descriptiones
690 1674 804 1715 inter
834 1690 878 1716 se
910 1676 1233 1722 discriminibus
1265 1680 1331 1723 his
1365 1690 1489 1724 erunt
1520 1690 1693 1726 notatae

172 1738 235 1777 uti
257 1752 366 1792 quae
397 1752 450 1778 ex
481 1739 702 1794 quadratis
734 1742 1027 1798 designentur,
1061 1746 1325 1799 Graecorum
1356 1749 1542 1794 habeant
1572 1766 1691 1806 usus,

173 1805 330 1845 Latina
347 1820 368 1845 e
388 1806 561 1861 paribus
580 1806 785 1850 lateribus
804 1811 1085 1865 trigonorum.
1117 1815 1177 1856 ita
1194 1815 1259 1856 his
1279 1818 1691 1874 praescriptionibus

173 1873 247 1919 bui
286 1872 472 1914 voluerit
509 1875 593 1927 uti,
627 1876 873 1918 emendatas
905 1879 1063 1922 efficiet
1095 1882 1357 1925 theatrorum
1391 1886 1692 1941 perfectiones.

1724 956 1763 986 10

1723 1294 1762 1324 15

286 1940 390 1982 Post
410 1956 607 1982 scaenam
628 1944 817 1998 porticus
841 1952 940 1987 sunt
962 1949 1303 2004 constituendae,
1328 1954 1391 1994 uti
1414 1968 1509 1994 cum
1530 1954 1690 1995 imbres
1708 1967 1759 1999 IX

170 2009 384 2064 repentini
416 2007 538 2050 ludos
570 2010 959 2068 interpellaverint,
992 2015 1147 2059 habeat
1177 2019 1360 2074 populus
1393 2036 1476 2077 quo
1507 2036 1553 2062 se
1583 2023 1690 2063 reci-
1716 2035 1758 2066 26

263 2160 279 2189 1
307 2161 407 2189 sunt:
433 2159 482 2190 sic
509 2159 586 2191 GH.
611 2157 624 2201 Η
646 2161 664 2191 2
692 2160 1003 2202 aniadverltendfi
1031 2166 1059 2197 G
1077 2165 1169 2207 (ante
1187 2178 1276 2200 corr.
1297 2171 1353 2210 qui
1368 2171 1493 2202 elarius
1517 2173 1690 2212 expressit

171 2215 356 2268 &ishad—>t
384 2227 477 2256 enim
497 2225 574 2267 (eni
594 2224 600 2268 Ι
623 2228 671 2267 ll)
692 2228 950 2262 advertendum
976 2233 1011 2263 H
1029 2234 1108 2273 (ele).
1132 2232 1146 2276 ΙΙ
1169 2237 1222 2267 uti
1241 2237 1289 2268 sit
1306 2236 1445 2269 electus
1458 2238 1549 2269 Just:
1577 2239 1689 2271 utise—

171 2281 288 2313 lectus
314 2281 430 2321 (—t0s
458 2283 507 2322 ll>
537 2283 603 2313 GH
629 2283 683 2325 (L,
711 2288 750 2316 ut
777 2286 806 2316 is
832 2285 970 2319 electus
998 2289 1151 2332 GCLcle),
1174 2289 1190 2333 Η
1218 2293 1237 2323 6
1263 2293 1362 2333 greci
1389 2299 1465 2325 ante
1491 2305 1581 2326 corr.
1611 2295 1649 2329 G.
1671 2294 1684 2335 Η

172 2338 373 2369 catieontes
394 2338 459 2368 (ill
474 2337 526 2378 (le,
543 2340 771 2372 catichontes
787 2341 844 2381 L).
867 2353 989 2382 ,οι-ηερε
1006 2356 1072 2377 ser.
1088 2347 1163 2380 Joe.
1184 2349 1272 2387 (ilem
1286 2349 1408 2391 seqq.)
1433 2348 1446 2391 Η
1470 2352 1487 2381 7
1504 2351 1688 2391 perincon-

172 2397 226 2424 tes
247 2394 284 2433 G,
300 2394 514 2426 —echontes
533 2395 568 2426 H
586 2396 655 2432 (LI,
674 2396 889 2430 —etlnontcs
903 2400 968 2440 elz).
987 2398 1002 2443 Η
1026 2403 1262 2436 antechontes
1283 2406 1358 2439 (ill.
1376 2403 1391 2447 Η
1407 2408 1427 2437 8
1441 2406 1687 2446 syueehontas

171 2450 207 2480 ll
224 2449 308 2490 (lc->z
325 2450 560 2483 sinechontes
581 2452 617 2483 G.
643 2450 657 2494 Η
684 2454 723 2485 10
738 2455 929 2495 superibus
944 2461 1021 2488 ante
1039 2470 1128 2493 corr,
1148 2461 1187 2491 G.
1211 2458 1226 2503 Η
1250 2461 1390 2503 repulso
1405 2467 1482 2493 ante
1500 2473 1590 2495 corr.
1607 2463 1644 2494 G.
1667 2463 1681 2503 Η

170 2505 335 2537 residens
363 2506 389 2537 G
415 2505 526 2546 (Llc):
552 2508 715 2540 resident
734 2510 780 2541 ll.
804 2507 819 2551 Η
844 2511 880 2541 11
908 2511 1017 2545 inimo
1038 2514 1073 2545 H
1091 2514 1247 2557 (GcLl‹·>:
1274 2517 1386 2550 inimi-1
1404 2523 1482 2549 (mle
1499 2529 1588 2549 eor-r.
1610 2518 1646 2550 G.
1667 2517 1682 2559 Η

172 2562 211 2592 12
239 2561 448 2593 exolescens
474 2573 551 2604 esso:
579 2564 769 2597 exsolvens
797 2566 863 2597 GH
888 2567 971 2606 (vox
996 2579 1034 2600 se
1060 2570 1207 2603 solvens
1231 2573 1331 2612 doen).
1371 2571 1387 2615 [Ι
1426 2576 1466 2605 13
1493 2574 1683 2614 extingua-

170 2621 243 2649 tur:
280 2620 329 2650 sic
363 2619 440 2650 GH.
472 2616 486 2660 Η
526 2621 565 2651 15
598 2621 739 2653 resiliat
763 2622 855 2655 doen:
889 2623 1059 2657 resiliant.
1091 2627 1158 2658 GlI
1190 2626 1263 2668 (LI,
1296 2629 1462 2661 resilient
1497 2629 1562 2668 elz).
1596 2627 1610 2671 ΙΙ
1645 2631 1684 2661 16

170 2673 285 2706 faciat.
314 2675 419 2706 Lern:
453 2675 593 2706 faciunt.
619 2678 694 2709 GH.
727 2676 742 2720 Η
776 2679 815 2709 18
840 2678 977 2711 diserta
1001 2683 1046 2712 Ic:
1081 2682 1237 2715 disserta
1271 2686 1336 2716 Gll
1369 2684 1440 2725 (1,.)
1471 2683 1485 2726 Η
1517 2687 1559 2717 20
1585 2686 1684 2717 vocis

172 2730 239 2761 Gll
263 2731 324 2771 (L,
351 2730 442 2762 locis
466 2731 523 2772 le).
552 2729 566 2773 Η
594 2734 635 2763 22
663 2737 701 2764 ut
725 2743 818 2773 quae
843 2735 936 2768 dota:
968 2736 1092 2778 itaque
1119 2740 1184 2771 Gll
1210 2739 1264 2780 (le,
1291 2742 1413 2782 itaquo
1433 2741 1486 2777 GC,
1508 2741 1582 2772 ita.
1599 2742 1683 2783 quia

171 2786 226 2824 L).
254 2783 269 2828 ΙΙ
301 2786 535 2828 designentur
560 2788 596 2818 ll
621 2787 732 2830 (Llc):
759 2796 938 2822 —nantur
965 2792 1001 2826 (1⁷.
1025 2791 1040 2836 Η
1069 2794 1231 2827 habeant
1258 2797 1293 2827 ll
1313 2796 1420 2836 (Llc):
1449 2796 1585 2828 habent
1610 2798 1646 2829 G.
1664 2796 1680 2840 Η

170 2842 212 2872 23
237 2842 372 2874 Latina
398 2853 416 2874 e
443 2842 557 2883 (Lor.)
584 2845 734 2885 paribus
761 2845 886 2885 (-lot'.):
912 2847 1026 2881 latine
1056 2848 1159 2894 (—n‹4¹
1189 2852 1232 2883 G⁶
1257 2863 1325 2882 cum
1350 2852 1404 2893 ele)
1444 2852 1585 2885 mribus
1617 2853 1685 2886 Gll

172 2906 227 2947 (L,
255 2907 368 2940 latine
395 2910 486 2941 raris
513 2910 568 2952 le).
600 2909 615 2954 Η
654 2913 696 2944 26
722 2903 831 2953 (Ῑιιοῗο
860 2916 914 2950 GC.
