1899 3322
117 1438 137 1467 ΩΨ

605 248 666 276 DE
698 247 1053 278 ARCHITECTURA
1086 249 1176 277 ΜΒ.
1209 249 1251 277 v.
1604 238 1683 278 129

163 347 311 389 raliter
341 349 378 388 si
412 348 499 388 sint
529 347 638 388 bene
669 348 801 404 positi
832 348 1101 403 habeantque
1128 350 1339 390 acroteria
1367 350 1459 389 sive
1480 364 1681 406 promun—

163 416 273 456 toria
302 416 620 471 procurrentia,
660 430 713 455 ex
745 415 902 471 quibus
933 416 1145 456 introrsus
1177 423 1432 457 curvaturae
1463 418 1556 458 sive
1587 432 1681 458 ver-

164 497 289 524 surae
320 497 375 523 ex
404 483 487 523 loci
516 490 671 525 natura
701 482 862 524 fuerint
894 482 1198 535 conformatae,
1230 485 1441 525 maximas
1472 484 1682 526 utilitates

163 551 368 592 videntur
404 551 577 591 habere.
646 552 808 592 circum
847 551 959 591 enim
1006 551 1196 607 porticus
1244 552 1336 591 sive
1375 552 1546 593 navalia
1585 559 1683 593 sunt

162 618 360 660 facienda
391 614 485 659 sive
516 633 571 658 ex
601 618 839 674 porticibus
871 617 1015 659 aditus
1046 618 1104 658 ad
1135 619 1337 674 emporia,
1369 626 1596 676 turresque
1628 635 1683 660 ex
1707 629 1727 658 5

162 694 344 742 utraque
382 692 504 742 parte
541 685 852 739 conlocandae,
900 701 955 726 ex
992 685 1148 741 quibus
1189 692 1364 727 catenae
1400 687 1569 728 traduci
1607 703 1684 744 per

162 753 383 794 machinas
415 754 597 809 possint.

276 821 353 863 Sin
383 828 527 862 autem
557 836 644 863 non
673 821 912 863 naturalem
940 820 1079 863 locum
1099 835 1238 877 neque
1259 820 1462 863 idoneum
1484 822 1539 862 ad
1560 829 1681 863 tuen—

163 889 239 929 das
270 888 325 929 ab
355 889 687 945 tempestatibus
718 904 853 930 naves
883 889 1177 941 habuerimus,
1209 890 1269 929 ita
1291 889 1466 930 videtur
1495 904 1588 930 esse
1620 891 1681 931 fa-

163 956 365 997 ciendum
393 957 457 997 uti
489 957 525 996 si
555 955 718 997 nullum
748 956 908 997 fiumen
938 958 984 997 in
1014 956 1079 997 his
1110 955 1214 997 locis
1244 956 1477 1012 inpedierit
1503 958 1578 997 sed
1602 959 1681 998 erit
1710 964 1752 994 10

163 1038 219 1064 ex
247 1039 333 1064 una
363 1033 485 1080 parte
516 1025 657 1076 statio,
689 1031 791 1065 tunc
807 1030 878 1065 ‘ex
906 1023 1042 1064 altera
1073 1031 1194 1080 parte
1225 1026 1452 1066 structuris
1485 1026 1578 1065 sive
1608 1040 1682 1080 ag-

161 1091 337 1146 geribus
361 1091 648 1147 expediantur
678 1107 947 1148 progressus.
987 1100 1027 1132 et
1048 1092 1109 1133 ita
1132 1091 1463 1133 conformandae
1483 1099 1684 1149 portuum

162 1159 474 1201 conclusiones.
536 1174 609 1199 eae
647 1167 789 1201 autem
828 1167 1070 1200 structurae
1117 1174 1224 1215 quae
1264 1160 1309 1200 in
1346 1174 1457 1214 aqua
1489 1167 1587 1200 sunt
1618 1160 1682 1200 fu·-

160 1234 302 1279 turae,
344 1226 550 1267 videntur
588 1228 650 1268 sic
688 1241 782 1268 esse
812 1227 1037 1268 faciendae
1067 1229 1131 1268 uti
1163 1234 1356 1282 portetur
1386 1226 1531 1283 pulvis
1563 1242 1588 1266 a
1618 1242 1682 1267 re—

161 1293 361 1349 gionibus
402 1309 509 1350 quae
548 1301 647 1335 sunt
684 1309 709 1335 a
741 1294 888 1336 Cumis
929 1295 1202 1335 continuatae
1248 1294 1304 1334 ad
1341 1296 1682 1350 promunterium
1711 1301 1750 1330 15

161 1361 406 1414 Minervae,
456 1362 579 1417 isque
623 1363 854 1403 misceatur
898 1363 962 1402 uti
1000 1363 1045 1402 in
1081 1363 1283 1403 mortario
1329 1361 1414 1402 duo
1451 1361 1507 1401 ad
1551 1377 1682 1402 unum

162 1428 463 1484 respondeant.
515 1428 672 1470 deinde
701 1436 804 1470 tunc
834 1430 880 1469 in
911 1444 959 1470 eo
990 1428 1082 1470 loco
1115 1430 1187 1485 qui
1209 1428 1410 1470 definitus
1434 1430 1527 1481 erit,
1559 1444 1684 1469 arcae

162 1495 383 1552 stipitibus
414 1496 630 1537 robusteis
664 1503 704 1537 et
736 1497 898 1537 catenis
929 1496 1122 1537 inclusae
1150 1497 1194 1536 in
1214 1511 1370 1552 aquam
1392 1496 1683 1537 demittendae

163 1563 528 1618 destinandaeque
571 1563 770 1616 firmiter,
819 1563 977 1604 deinde
1021 1565 1134 1604 intra
1173 1579 1228 1604 cx
1265 1563 1464 1605 trastillis
1504 1563 1683 1604 inferior

161 1645 261 1687 pars
301 1631 380 1672 sub
419 1646 529 1686 aqua
575 1632 858 1686 exaequanda
896 1638 937 1672 et
975 1631 1222 1687 purganda,
1278 1638 1318 1671 et
1357 1632 1588 1671 caementis
1628 1646 1682 1671 ex
1708 1634 1750 1666 ‘20

162 1699 387 1751 mortario,
427 1699 606 1739 materia
642 1700 779 1739 mixta
811 1698 1172 1754 quemadmodum
1203 1713 1331 1753 supra
1363 1699 1570 1753 scriptum
1601 1707 1679 1750 est,

162 1765 225 1806 ibi
256 1765 586 1819 congel-endum,
619 1765 815 1821 doneque
836 1765 1102 1821 compleatur
1123 1772 1337 1805 structura
1359 1766 1543 1821 spatium
1567 1765 1681 1820 quod

163 1832 294 1873 fuerit
331 1833 443 1873 inter
479 1847 615 1873 arcas.
688 1832 768 1874 hoc
806 1839 950 1873 autem
994 1847 1148 1873 munus
1194 1832 1388 1873 naturale
1432 1832 1593 1873 habent
1631 1847 1681 1872 ea

161 1900 253 1941 loca
285 1914 393 1955 quae
424 1914 553 1955 supra
584 1901 744 1956 scripta
777 1906 889 1941 sunt.

275 1968 352 2009 Sin
396 1973 540 2007 autem
583 1974 760 2024 propter
805 1968 958 2008 fluctus
1004 1973 1077 2007 aut
1121 1968 1307 2023 impetus
1354 1967 1493 2022 aperti
1534 1965 1677 2022 pelagi
1705 1971 1746 2001 25

162 2034 356 2076 destinae
398 2049 518 2075 arcas
558 2050 644 2075 non
681 2036 901 2091 potuerint
940 2036 1180 2087 continere,
1221 2042 1323 2076 tunc
1354 2035 1409 2074 ab
1440 2036 1533 2090 ipsa
1564 2040 1679 2074 terra

161 2104 255 2144 sive
286 2102 506 2158 crepidine
536 2102 740 2158 pulvinus
772 2117 899 2158 quam
929 2103 1173 2143 firmissime
1204 2109 1408 2154 struatur,
1441 2103 1564 2156 isque
1584 2100 1677 2157 pul—

162 2170 288 2210 vinus
312 2176 550 2224 exaequata
571 2176 762 2210 struatur
782 2169 961 2225 planitia
982 2171 1123 2210 minus
1153 2185 1279 2225 quam
1301 2168 1506 2209 dimidiae
1527 2169 1676 2224 partis,

161 2236 374 2291 reliquum
412 2236 526 2292 quod
563 2244 627 2278 est
657 2238 854 2292 'proxime
884 2236 1007 2290 litus,
1047 2236 1334 2292 proclinatum
1364 2235 1475 2275 latus
1507 2235 1676 2276 habeat.

255 2431 271 2461 1
298 2429 547 2472 promunturia
581 2430 646 2461 GH
677 2427 960 2471 (promunctoria
986 2430 1031 2467 Lt,
1056 2430 1305 2471 promuntoria
1328 2428 1384 2470 lc).
1420 2426 1434 2470 l}
1469 2429 1488 2458 4
1514 2428 1589 2459 sive
1616 2438 1676 2458 na—

163 2485 265 2518 valia
288 2487 340 2517 ed.
370 2485 486 2528 (rec.):
513 2486 590 2518 sive
616 2485 718 2517 nalia
745 2486 772 2517 G
798 2484 882 2525 (LI),
908 2485 1087 2516 sivenalia
1111 2486 1148 2516 Il
1166 2484 1208 2526 (e,
1237 2486 1269 2516 si
1293 2484 1438 2517 venalia
1463 2482 1508 2523 le).
1538 2480 1552 2525 l]
1585 2485 1605 2515 5
1631 2483 1675 2515 ad

164 2542 244 2575 add.
271 2542 345 2573 Joe.
379 2541 515 2581 (aditus
546 2541 707 2583 emporia
734 2540 828 2581 (ill).
862 2539 877 2582 Η
907 2541 927 2572 8
958 2539 1152 2576 niidoncum
1179 2542 1234 2572 (1¹⁶.
1261 2539 1276 2582 Η
1311 2542 1349 2571 11
1384 2543 1564 2571 structure
1597 2544 1674 2570 (mle

164 2608 254 2631 corr.
282 2597 319 2628 G.
353 2594 368 2639 ll
400 2599 439 2629 13
466 2607 530 2628 eae
556 2597 610 2628 Il:
636 2597 705 2628 hae
733 2597 759 2627 G
785 2596 889 2635 (Llc).
916 2593 931 2637 Η
965 2597 1005 2627 15
1029 2598 1312 2638 promunturium
1341 2597 1406 2627 (ΙΙΙ
1431 2594 1674 2636 (promuncto-

163 2654 255 2684 rium
281 2653 325 2694 L,
351 2653 633 2694 promuntorium
658 2652 713 2693 lc).
738 2650 754 2694 Η
789 2653 828 2683 16
855 2652 884 2683 is
911 2662 979 2692 que
1004 2653 1051 2683 L:
1078 2652 1134 2684 his
1159 2663 1226 2694 que
1255 2653 1290 2688 G,
1316 2652 1371 2682 his
1387 2661 1477 2691 quae
1506 2651 1540 2680 ll
1567 2649 1636 2690 (Ie).
1656 2649 1669 2691 ll

168 2710 207 2740 19
233 2709 328 2739 intra
359 2709 460 2740 Lor.:
505 2708 647 2740 interea
674 2708 749 2740 GH.
782 2706 796 2749 ΙΙ
830 2718 873 2738 ex
898 2707 1052 2739 trastilis
1079 2708 1154 2739 Gll.
1185 2705 1189 2748 Ι
1239 2709 1280 2738 22
1307 2707 1469 2746 doneque
1504 2705 1673 2745 (donique

166 2763 390 2804 Lachmann):
417 2763 573 2804 denique
601 2764 667 2795 GH
690 2761 759 2805 (LI,
786 2764 940 2804 deinque
969 2764 1013 2794 GC
1036 2769 1068 2795 et
1092 2762 1137 2804 c).
1169 2761 1184 2805 [Ι
1216 2765 1258 2795 ‘23
1284 2772 1410 2793 munus
1440 2762 1473 2791 II
1495 2760 1584 2801 (Ll):
1611 2761 1674 2792 mi-

165 2829 232 2851 nus
258 2817 326 2861 (ch)
355 2819 382 2851 G
407 2818 483 2860 (sed
508 2820 552 2851 Gc
574 2820 609 2850 in
632 2830 737 2860 marg.
762 2819 776 2849 ῑ
801 2819 841 2850 at
857 2819 1011 2858 munus).
1041 2816 1057 2861 Η
1090 2821 1131 2850 27
1157 2818 1454 2858 strut11a(r)1sque
1480 2822 1557 2848 unte
1581 2827 1671 2848 corr.

166 2873 537 2916 (strutuatur.isque)
567 2875 603 2911 G,
631 2875 825 2906 struaturis
852 2885 944 2915 quae
963 2875 999 2905 H
1016 2873 1072 2915 (lc,
1098 2877 1283 2906 struatur.
1304 2873 1334 2903 is
1360 2882 1426 2912 que
1452 2872 1493 2910 L,
1519 2874 1671 2903 structu-

165 2930 310 2970 risque}
335 2929 417 2970 cele).
447 2927 463 2972 l]
494 2931 537 2961 ‘28
562 2930 717 2972 planitia
744 2931 810 2962 GH
835 2929 890 2971 (L,
915 2931 1010 2974 —tiq
1034 2930 1090 2972 lc).
1394 2973 1397 2975 ‚

211 2994 362 3017 vrrnuv.
388 2995 434 3016 m:
459 2995 609 3020 Ancffl'r.
1379 2981 1404 3023 9
