1899 3322
561 204 622 233 DE
653 203 1008 233 ARcffl‘rEcTURA
1040 203 1126 236 LIB.
1158 203 1256 233 vm.
1588 192 1664 234 187

149 314 258 360 tres,
295 305 407 347 altus
438 304 570 361 pedes
601 305 810 360 quinque,
849 305 894 344 in
925 318 1057 360 eoque
1088 304 1332 346 conlocetur
1363 305 1534 347 circiter
1565 304 1665 346 solis

151 388 347 416 occasum
380 372 603 428 scaphium
632 386 805 413 aereum
835 377 909 412 aut
939 371 1187 427 plumbeum
1218 378 1291 414 aut
1321 371 1475 429 pelvis.
1525 386 1579 412 ex
1599 371 1665 412 his

151 440 265 498 quod
295 441 376 482 erit
406 446 624 496 paratum,
668 438 714 480 id
744 439 1003 480 intrinsecus
1047 438 1139 480 oleo
1176 446 1362 494 ungatur
1400 446 1667 495 ponaturque

150 510 385 561 inversum,
409 514 450 549 et
471 521 637 548 summa
657 507 827 548 fossura
842 507 1060 563 operiatur
1076 506 1390 548 harundinibus
1407 513 1481 548 aut
1499 506 1666 559 fronde,

152 590 281 632 supra
311 582 424 617 terra
456 574 675 628 obruatur7
706 580 798 615 tum
828 580 1000 630 postero
1023 573 1093 614 die
1114 574 1345 629 aperiatur,
1378 581 1419 615 et
1441 575 1478 615 si
1498 575 1543 614 in
1564 588 1668 614 vaso

110 653 122 661 '
153 642 294 685 stillae
331 642 595 698 sudoresque
634 648 779 694 erunt,
818 642 854 682 is
894 640 1011 681 locus
1049 640 1225 681 habebit
1263 656 1431 696 aquam.
1490 642 1593 682 item
1633 642 1669 682 si

153 724 229 751 vas
275 724 330 750 ex
374 716 491 751 creta
531 709 699 752 ,factum
750 723 835 750 non
890 714 1058 749 coetum
1103 708 1148 748 in
1192 722 1240 748 ea
1285 708 1472 749 fossione
1519 708 1668 748 cadem

154 778 321 818 ratione
351 783 546 833 opertum
576 779 764 833 positum
795 776 947 828 fuerit,
987 776 1023 816 si
1054 776 1089 816 is
1121 775 1241 817 100115
1269 790 1424 831 aquam
1455 775 1668 828 habuerit,

154 860 250 885 cum
287 851 482 900 apertum
519 843 673 897 fuerit,
720 858 798 884 vas
836 842 1029 884 umidum
1068 844 1147 884 erit
1193 849 1234 884 et
1279 843 1364 883 iam
1410 841 1671 884 dissolvetur

152 912 207 952 ab
232 927 393 954 umore.
445 911 669 967 vellusque
701 911 822 952 lanae
854 912 890 952 si
921 909 1191 951 conlocatum
1223 910 1302 950 erit
1333 910 1377 949 in
1409 924 1457 950 ea
1488 909 1670 962 fossura,

154 980 401 1035 insequenti
430 985 575 1020 autem
614 978 684 1019 die
716 978 769 1019 de
803 992 851 1019 eo
881 992 990 1033 aqua
1024 992 1229 1034 expressa
1268 977 1370 1029 erit,
1410 977 1671 1032 significabit

155 1061 252 1088 eum
273 1046 413 1088 10011111
434 1046 592 1087 habere
621 1047 802 1102 copiam.
861 1060 946 1086 non
976 1046 1115 1086 minus
1149 1045 1185 1086 si
1216 1045 1390 1086 lucerna
1419 1045 1673 1085 concinnata

154 1113 322 1170 oleique
352 1113 480 1170 plena
511 1120 551 1155 et
585 1127 766 1154 accensa
802 1114 847 1153 in
885 1127 932 1153 eo
971 1111 1064 1154 1000
1103 1118 1250 1168 operta
1287 1111 1418 1153 fuerit
1455 1111 1673 1153 conlocata

156 1188 197 1222 et
227 1187 398 1237 postero
438 1181 509 1222 die
547 1195 633 1221 non
671 1181 751 1222 erit
790 1187 963 1232 exusta,
1003 1179 1079 1221 sed
1116 1179 1316 1220 habuerit
1354 1178 1560 1235 reliquias
1592 1178 1674 1219 olei

156 1255 198 1290 et
228 1247 448 1305 enlychnii
478 1249 658 1305 ipsaque
687 1248 832 1289 umida
864 1248 1129 1300 invenietur,
1162 1246 1374 1288 indicabit
1406 1261 1504 1287 eum
1535 1245 1674 1287 locum

156 1315 314 1357 habere
345 1331 519 1372 aquam,
560 1315 657 1357 ideo
696 1315 811 1371 quod
848 1316 984 1356 omnis
1023 1322 1145 1370 tepor
1174 1314 1230 1355 ad
1262 1329 1306 1355 se
1339 1313 1457 1355 ducit
1488 1328 1670 1355 umores.

156 1384 260 1424 item
290 1384 337 1424 in
367 1398 415 1426 00
446 1384 539 1425 1000
571 1383 684 1438 ignis
716 1382 855 1424 factus
885 1383 921 1423 si
952 1382 1082 1423 fuerit
1115 1388 1155 1422 et
1186 1381 1471 1438 percalefacta
1493 1388 1607 1422 terra
1630 1388 1669 1422 01

156 1450 310 1492 adusta
340 1465 546 1507 vaporem
575 1449 829 1492 nebulosum
861 1465 916 1491 ex
947 1464 991 1491 se
1023 1449 1315 1503 suscitaverit,
1346 1449 1383 1490 is
1406 1448 1522 1490 locus
1544 1447 1674 1489 habe-

157 1517 221 1559 bit
251 1533 421 1574 aquam.
481 1533 579 1559 cum
616 1518 721 1559 haec
751 1518 812 1559 ita
844 1524 967 1559 erunt
998 1522 1287 1573 pertemptata-
1325 1522 1367 1557 et
1406 1531 1514 1572 quae
1546 1530 1673 1572 supra

158 1586 320 1641 scripta
351 1592 451 1627 sunt
481 1587 606 1641 signa
639 1587 837 1635 inventa,
879 1592 971 1626 tum
1009 1583 1316 1640 deprimendus
1349 1589 1414 1624 est
1444 1590 1600 1639 puteus
1632 1584 1709 1623 in·

159 1667 208 1694 eo
239 1652 332 1695 loco
363 1660 405 1694 et
436 1654 473 1694 51
504 1654 584 1695 0111
621 1660 749 1710 caput
786 1666 922 1708 aquae
958 1653 1204 1704 inventum,
1243 1651 1385 1707 plures
1426 1652 1539 1692 circa
1578 1656 1675 1691 sunt

159 1719 354 1762 fodiendi
386 1727 428 1762 et
458 1736 534 1776 per
563 1735 716 1776 specus
748 1721 795 1761 in
823 1734 956 1761 unum
986 1719 1126 1760 10011111
1156 1732 1301 1760 omnes
1334 1718 1619 1759 conducendi.

272 1786 394 1828 Haec
423 1794 569 1830 autem
598 1788 787 1828 maxime
818 1788 862 1828 in
900 1786 1118 1828 montibus
1150 1792 1191 1827 et
1221 1785 1471 1841 regionibus
1509 1792 1675 1841 septen-

159 1854 414 1897 trionalibus
454 1862 554 1897 sunt
593 1855 858 1912 quaerenda,
906 1869 953 1895 00
993 1854 1107 1910 quod
1143 1854 1188 1894 in
1226 1853 1293 1895 his
1333 1860 1374 1894 01
1405 1854 1604 1894 suaviora
1638 1859 1677 1893 ct

160 1922 398 1965 salubriora
429 1930 471 1964 et
502 1924 741 1980 copiosiora
770 1923 1060 1964 inveniuntur.
1120 1922 1264 1962 aversi
1303 1921 1415 1961 enim
1447 1925 1546 1961 sunt
1576 1919 1677 1962 solis
1729 1933 1740 1938 ”

162 1991 320 2044 cursui,
353 1997 394 2032 et
425 1991 469 2031 in
500 1991 565 2031 1115
597 1989 702 2032 10015
734 1991 920 2046 primum
952 1988 1125 2030 crebrae
1157 1995 1256 2030 sunt
1286 1987 1462 2029 arbores
1486 1986 1676 2029 01511νο-

162 2073 234 2100 sae
266 2059 436 2115 ipsique
473 2064 639 2100 montes
678 2072 776 2099 suas
815 2056 977 2098 habent
1014 2056 1189 2097 umbras
1229 2055 1450 2097 obstantes
1489 2061 1529 2095 ot
1567 2054 1679 2095 radii

161 2126 264 2168 solis
294 2141 379 2167 non
410 2124 564 2167 directi
594 2126 852 2181 perveniunt
887 2124 944 2166 ad
982 2130 1141 2166 terram
1179 2138 1258 2164 nec
1296 2128 1477 2179 possunt
1508 2136 1678 2163 umores

256 2253 271 2281 1
298 2254 373 2282 tres
414 2250 512 2282 altus
547 2250 676 2292 pedes:
720 2262 779 2283 om.
821 2250 895 2286 GH,
933 2250 1014 2281 add.
1047 2247 1175 2290 (pedes
1207 2251 1280 2280 tres
1314 2247 1410 2279 altus
1447 2251 1524 2288 post
1565 2246 1678 2287 latus)

164 2307 351 2338 Plzz'lander
381 2317 427 2338 ea:
457 2307 537 2348 epil.
567 2303 582 2348 ΙΙ
614 2308 632 2338 2
658 2306 785 2347 scapis»
821 2306 858 2337 G.
890 2303 905 2347 Η
937 2308 956 2338 3
981 2304 1016 2336 id
1052 2315 1131 2346 eyn:
1162 2304 1270 2346 idque
1304 2304 1380 2336 Gll.
1421 2300 1436 2345 ΙΙ
1473 2304 1494 2334 4
1532 2313 1680 2344 operea-

165 2366 222 2393 tur
254 2363 302 2393 H.
332 2359 348 2404 ΙΙ
379 2363 399 2394 5
424 2371 527 2394 vaso:
565 2364 614 2395 sic
647 2363 712 2394 GH
737 2362 789 2402 (lc,
815 2371 903 2393 vase
931 2360 988 2401 L).
1015 2358 1030 2402 Η
1058 2362 1077 2392 6
1103 2360 1252 2392 sudores
1280 2360 1323 2391 G:
1356 2359 1450 2391 —ris
1475 2359 1512 2390 Il
1539 2357 1640 2398 (Llc).
1663 2389 1675 2397 ,,

166 2419 184 2450 7
209 2428 335 2450 vasum
367 2418 436 2450 GH
468 2420 547 2459 (vas
578 2417 667 2458 Llc).
701 2416 716 2459 Η
749 2420 769 2450 8
799 2418 929 2459 oporti‘i
955 2421 1032 2448 ante
1063 2427 1154 2450 corr.
1187 2420 1225 2451 G.
1259 2414 1276 2459 Η
1311 2419 1330 2447 9
1363 2417 1407 2447 οῦ
1433 2415 1521 2455 aptfi
1549 2414 1678 2446 fuerit:

165 2475 253 2505 linea
281 2474 444 2506 subducta
474 2475 556 2506 haee
588 2473 700 2516 (quasi
729 2484 774 2505 eoe
806 2474 944 2514 dittoyr.
976 2483 994 2504 e
1025 2484 1052 2504 υ.
1079 2475 1099 2504 8
1124 2471 1219 2513 nata)
1253 2474 1339 2504 delet
1365 2481 1447 2503 unus
1474 2471 1528 2501 GC.
1561 2468 1576 2512 Η
1614 2481 1679 2502 vas

165 2529 323 2561 umidum
350 2529 457 2569 (-dfi
485 2530 526 2570 G)
554 2530 623 2562 GH
644 2528 809 2571 (humidfi
836 2528 924 2569 Llc).
953 2526 969 2570 Π
996 2530 1032 2560 et
1056 2527 1127 2560 iam
1155 2522 1244 2569 (et'15
1268 2528 1331 2567 LJ:
1365 2527 1476 2559 etiam
1504 2523 1613 2568 GRH
1640 2527 1674 2557 11

167 2599 210 2640 06
236 2601 352 2640 Ιοοὸιῐι
378 2609 442 2642 HC.
474 2605 490 2651 ss
523 2609 564 2640 15
589 2608 774 2650 enlychnii
799 2607 990 2649 (ellychnii
1018 2605 1126 2649 Joc.):
1163 2607 1328 2648 inlychni
1362 2607 1397 2637 H
1428 2605 1467 2645 (l,
1502 2604 1679 2646 inlyehini

166 2668 220 2699 cle,
247 2664 401 2696 inliehni
427 2665 483 2705 L),
509 2664 668 2706 {lychni
701 2662 843 2704 (duabus
875 2665 996 2695 litteris
1025 2662 1147 2703 erasis)
1182 2663 1238 2696 Gv.
1272 2660 1286 2704 H
1322 2663 1360 2693 17
1394 2661 1515 2693 factus
1546 2661 1592 2693 si:
1630 2663 1680 2693 sic

170 2721 246 2753 GH.
273 2717 291 2762 Π
317 2720 544 2762 percalfacta
571 2722 639 2753 GH
662 2721 750 2761 (Llc,
778 2719 1029 2762 percalefacta
1049 2719 1121 2760 Gc).
1143 2716 1158 2761 Η
1186 2721 1226 2750 21
1255 2718 1322 2750 erit
1340 2720 1467 2759 caput:
1492 2718 1540 2748 sic
1561 2718 1638 2751 Gll,
1662 2728 1663 2747 1

169 2778 268 2809 circa
292 2780 393 2808 sunt:
429 2778 478 2809 sic
511 2778 586 2809 GH.
619 2775 633 2819 Η
664 2779 706 2809 22
739 2787 802 2818 per
832 2785 960 2817 specus
992 2774 1050 2816 (=
1063 2773 1298 2817 perspecuus)
1331 2775 1400 2807 enh:
1438 2773 1607 2814 ppsicuus
1641 2776 1678 2808 G.

169 2834 384 2874 perspicuus
401 2833 438 2864 ll
456 2833 561 2874 (Lle).
584 2831 598 2876 ΙΙ
620 2836 662 2866 23
682 2834 784 2864 llaec
803 2857 809 2863 .
827 2857 832 2863 .
850 2858 857 2865 .
875 2833 950 2864 ltine
975 2833 1082 2864 denuo
1099 2832 1162 2863 ine.
1183 2831 1225 2863 E.
1248 2828 1263 2871 ΙΙ
1286 2833 1321 2861 ct
1340 2830 1550 2870 regionibus
1565 2840 1627 2861 om.
1646 2830 1678 2861 E

170 2890 248 2929 (non
264 2889 318 2929 G).
341 2887 357 2931 11
378 2890 420 2921 ''2ss
439 2889 563 2922 arbres
582 2890 627 2920 ll.
649 2887 664 2931 ΙΙ
687 2890 728 2920 27
748 2891 783 2920 ct
802 2886 846 2928 (δι
860 2888 945 2930 Ell)
1025 2888 1303 2930 perveniunt...
1320 2889 1485 2927 possunt:
1504 2888 1553 2919 sic
1567 2885 1678 2918 ΕΘΗ.

1703 923 1739 952 lo

1702 1256 1741 1287 15
