1899 3322
1613 194 1659 201 -.ι

579 199 640 228 DE
671 199 1027 231 ARCHITECTURA
1059 202 1150 232 LIB.
1184 203 1232 232 11.
1608 206 1664 235 Do

136 300 312 353 fronde,
353 315 375 341 e
413 306 528 342 terra
557 301 816 357 recipientes
849 317 925 357 per
955 303 1122 344 radices
1154 304 1329 346 arbores
1362 305 1406 346 in
1438 320 1483 346 se
1513 320 1663 347 sucum

134 375 444 425 recuperantur
490 374 531 409 et
576 369 864 410 restituuntur
909 370 953 410 in
998 372 1220 426 antiquam
1267 372 1545 415 soliditatem.
1620 380 1663 414 at

135 452 237 478 vero
258 438 369 478 acris
402 436 572 477 hiberni
603 437 670 477 vis
702 437 946 493 comprimit
978 444 1019 478 et
1050 439 1289 481 consolidat
1321 455 1392 482 eas
1424 456 1500 497 per
1539 441 1583 482 id
1616 449 1662 483 ut

135 520 266 561 supra
286 506 494 561 scriptum
520 511 583 546 est
612 511 798 561 tempus.
839 519 940 559 ergo
973 506 1010 546 si
1041 520 1090 546 ea
1119 508 1285 548 ratione
1317 515 1357 549 et
1389 523 1437 550 eo
1469 514 1662 566 tempore

135 571 250 629 quod
282 579 346 613 est
377 587 507 629 supra
538 573 748 628 scriptum
787 571 983 613 caeditur
1013 575 1236 626 materies,
1277 576 1356 616 erit
1387 577 1660 632 tempestiva.

135 640 256 682 caedi
294 646 437 682 autem
482 641 543 682 ita
581 646 749 697 oportet
788 640 853 681 uti
884 640 1103 683 incidatur
1133 641 1300 683 arboris
1333 643 1573 686 crassitudo
1604 645 1661 686 ad

132 707 320 749 mediam
358 707 612 761 medullam,
653 714 694 749 et
731 707 1021 764 relinquatur,
1061 709 1125 750 uti
1164 724 1241 765 per
1271 724 1364 750 eam
1397 712 1660 753 exsiccescat

133 775 335 818 stillando
376 790 517 817 sucus.
579 777 639 817 ita
679 776 752 832 qui
788 777 901 817 inest
940 777 1064 818 venis
1104 776 1273 818 inutilis
1305 777 1446 833 liquor
1477 779 1660 821 effluens

131 858 208 901 per
245 841 433 885 torulum
471 858 556 884 non
595 844 783 900 patietur
814 845 947 885 emori
978 844 1022 884 in
1054 859 1102 885 eo
1135 845 1298 886 saniem
1329 840 1417 886 nec
1444 849 1659 904 corrumpi

131 912 336 953 materiae
381 910 645 967 qualitatem.
719 918 812 953 tum
848 918 993 953 autem
1032 927 1129 954 clun
1167 913 1282 954 sicca
1321 920 1362 954 et
1401 914 1492 955 sine
1532 914 1658 956 stillis

132 981 214 1021 erit
234 979 377 1033 arbor,
410 978 622 1020 deiciatur
643 984 684 1020 et
705 980 766 1020 ita
789 980 870 1020 erit
901 981 1064 1036 optima
1094 981 1139 1021 in
1169 995 1263 1022 usu.
1324 980 1405 1022 hoc
1434 988 1578 1023 autem
1600 983 1660 1024 ita

132 1063 226 1090 esse
270 1047 371 1088 licet
414 1046 761 1088 animadvertere
801 1047 931 1088 etiam
971 1047 1024 1088 de
1063 1047 1267 1089 arbustis.
1336 1063 1386 1089 ea
1417 1050 1531 1090 enim
1563 1065 1658 1091 cum

131 1131 207 1157 suo
246 1129 414 1172 quoque
453 1121 646 1171 tempore
675 1114 732 1156 ad
762 1116 895 1156 imum
926 1115 1145 1171 perforata
1176 1122 1441 1171 castrantur,
1482 1117 1657 1173 profun-

131 1182 239 1226 dunt
277 1198 299 1223 e
330 1181 531 1224 medullis
570 1198 696 1238 quem
727 1182 887 1225 habent
917 1184 962 1224 in
994 1198 1040 1224 se
1071 1190 1345 1239 superantem
1378 1190 1420 1225 et
1450 1185 1657 1226 vitiosum

130 1265 207 1307 per
250 1250 461 1292 foramina
511 1250 749 1306 liquorem,
794 1256 835 1291 et
880 1252 941 1292 ita
981 1251 1254 1294 siccescendo
1292 1252 1507 1307 recipiunt
1538 1253 1582 1293 in
1612 1268 1657 1293 se

132 1318 474 1360 diuturnitatem.
543 1319 616 1374 qui
655 1324 800 1359 autem
838 1334 924 1360 non
962 1318 1122 1361 habent
1162 1334 1216 1360 ex
1253 1318 1481 1361 arboribus
1514 1321 1656 1362 exitus

129 1401 299 1428 umores
322 1388 434 1427 intra
465 1392 789 1428 concrescentes
821 1392 1075 1442 putrescunt
1106 1393 1146 1428 et
1179 1387 1373 1428 efficiunt
1402 1388 1552 1428 inanes
1584 1403 1656 1429 eas

131 1461 173 1496 et
219 1454 413 1495 vitiosas.
489 1469 589 1509 ergo
635 1455 671 1495 si
709 1459 873 1495 stantes
912 1460 953 1495 et
991 1455 1121 1495 vivae
1160 1454 1436 1496 siccescendo
1475 1470 1560 1496 non
1591 1470 1655 1496 se-

129 1528 326 1575 nescunt,
359 1523 451 1562 sine
483 1520 616 1563 dubio
639 1536 735 1562 cum
758 1536 831 1562 eae
852 1521 909 1562 ad
938 1523 1162 1563 materiam
1185 1522 1445 1576 deiciuntur,
1478 1537 1574 1564 cum
1607 1538 1656 1563 ea

129 1591 296 1633 ratione
329 1595 500 1630 curatae
531 1589 707 1642 fuerint,
739 1588 899 1630 habere
929 1596 1130 1645 poterunt
1160 1605 1337 1645 magnas
1369 1592 1414 1631 in
1443 1590 1655 1632 aedificiis
1681 1606 1689 1616 ²

128 1658 183 1700 ad
214 1663 476 1699 vetustatem
507 1656 733 1699 utilitates.

241 1724 332 1766 Eae
372 1730 516 1766 autem
556 1728 667 1765 inter
710 1739 757 1765 se
800 1723 1097 1780 discrepantes
1141 1731 1180 1765 et
1220 1724 1456 1766 dissimiles
1494 1725 1655 1767 habent

129 1794 328 1845 virtutes,
360 1793 424 1833 uti
444 1791 576 1832 robur
606 1791 746 1833 ulmus
778 1791 961 1848 populus
993 1806 1220 1848 cupressus
1251 1791 1370 1834 abies
1403 1799 1655 1849 ceteraeque

129 1876 238 1918 quae
268 1861 456 1902 maxime
486 1860 531 1900 in
561 1859 769 1901 aedificiis
801 1866 901 1901 sunt
932 1859 1124 1900 idoneae.
1185 1875 1368 1916 namque
1398 1875 1483 1902 non
1513 1867 1654 1917 potest

129 1929 174 1971 id
195 1928 327 1970 robur
358 1927 471 1983 quod
502 1927 638 1981 abies,
670 1942 747 1968 nec
780 1942 1009 1983 cupressus
1041 1927 1156 1983 quod
1186 1926 1342 1982 ulmus,
1374 1943 1454 1969 nec
1484 1935 1653 1970 ceterae

220 2127 236 2157 l
264 2138 282 2159 e
310 2127 369 2168 (ex
392 2127 503 2172 Joc.):
537 2132 569 2164 Sc
602 2130 651 2173 (et
685 2132 727 2173 G)
757 2133 834 2164 Gll.
867 2129 881 2175 Η
914 2133 1136 2174 recipientes
1162 2144 1227 2175 per
1257 2133 1403 2165 radices
1435 2132 1496 2173 (cf.
1526 2145 1562 2175 p.
1596 2137 1649 2173 50,

129 2184 186 2224 12)
221 2185 370 2219 arbores
402 2189 515 2222 Maru:
555 2189 776 2231 recipientes
813 2189 956 2221 radices
991 2190 1158 2222 arborum
1192 2190 1268 2221 GH.
1302 2188 1317 2233 Η
1354 2192 1373 2221 2
1399 2190 1651 2232 reciperantur

128 2245 205 2272 ante
237 2252 327 2276 corr.
359 2245 406 2276 H.
445 2242 460 2288 Η
498 2246 516 2277 7
545 2245 800 2277 exsiccescant
830 2251 908 2277 ante
940 2256 1030 2277 corr.
1065 2246 1103 2278 G.
1142 2244 1156 2288 {l
1193 2247 1213 2277 8
1246 2246 1349 2278 venis
1387 2245 1500 2285 (intus
1532 2249 1582 2278 vel
1614 2247 1650 2277 in

128 2298 230 2329 venis
268 2298 393 2343 Mar.)
431 2301 469 2332 in
505 2301 561 2332 his
600 2301 675 2333 GH.
709 2299 723 2343 Η
756 2304 775 2334 9
800 2302 1030 2343 necorrumpi
1054 2303 1100 2333 ll.
1134 2300 1148 2345 Η
1183 2303 1223 2334 10
1261 2302 1414 2334 materie
1451 2302 1650 2343 equalitate

131 2354 174 2390 G,
200 2356 375 2388 materiae
408 2357 662 2399 aequilitatem
688 2358 725 2388 H
755 2357 860 2399 (corr.
892 2357 993 2398 doen).
1032 2356 1047 2400 Η
1088 2360 1125 2389 11
1153 2358 1258 2390 ardor
1283 2359 1329 2392 H.
1370 2356 1384 2400 Η
1424 2360 1463 2389 12
1490 2358 1648 2390 animum

129 2409 316 2443 advertere
344 2413 409 2445 GH
440 2412 508 2454 (LI,
545 2415 701 2446 animum
728 2413 919 2446 advertere
941 2415 995 2455 GC,
1023 2415 1313 2447 animadvertere
1339 2413 1405 2457 elz).
1436 2412 1450 2456 Η
1485 2416 1523 2445 14
1543 2424 1648 2455 quem

127 2479 221 2510 doc-,z
260 2490 352 2520 quae
393 2480 475 2524 (que
509 2482 549 2522 G)
585 2482 660 2515 GH.
701 2479 715 2522 Η
756 2482 796 2513 15
835 2482 1069 2514 siccercendo
1100 2488 1177 2514 ante
1208 2493 1297 2515 corr.
1332 2484 1358 2513 G
1398 2481 1647 2522 (siccescendo

130 2535 240 2575 lel).
270 2532 284 2577 11
318 2537 502 2579 recipiunt
531 2538 597 2570 GII
628 2537 698 2578 (cle,
732 2538 910 2580 recipient
940 2540 966 2577 l,
1005 2549 1065 2573 om.
1093 2538 1151 2580 L).
1190 2536 1205 2581 ΙΙ
1246 2541 1285 2571 17
1324 2549 1386 2570 eas
1422 2541 1458 2569 et
1493 2538 1648 2570 vitiosas

127 2602 213 2623 recu:
254 2602 317 2624 eas
356 2592 511 2625 vitiosas
550 2594 626 2626 GH.
659 2592 674 2636 ΙΙ
714 2596 754 2626 19
792 2605 857 2626 eae
903 2592 1069 2634 (eaedem
1100 2594 1190 2637 doe.)
1230 2595 1274 2627 ad
1313 2596 1519 2626 materiam:
1559 2594 1646 2626 eade

128 2649 280 2680 materia
295 2654 373 2680 ante
390 2660 459 2683 ras.
480 2649 610 2692 (—ria)
631 2652 668 2688 G,
688 2651 817 2682 eadem
837 2651 1027 2683 materiam
1044 2655 1122 2683 unte
1148 2662 1216 2683 ras.
1234 2651 1394 2691 (—riaf‡›
1423 2651 1459 2681 ll
1477 2650 1647 2690 (materia

130 2702 267 2746 GcLlc).
289 2703 304 2747 Η
326 2707 368 2737 20
393 2709 588 2747 potuerunt
612 2712 689 2739 ante
713 2718 782 2739 ras.
812 2709 848 2740 G.
881 2705 896 2749 Η
929 2709 970 2739 22
998 2718 1062 2740 eae
1087 2709 1180 2741 .Ιυ(·.;
1208 2708 1276 2739 hae
1305 2709 1342 2745 G,
1368 2717 1410 2738 ea
1436 2707 1471 2737 ΙΙ
1498 2706 1600 2747 (Llc).
1628 2708 1641 2746 ’ζ

128 2762 170 2793 23
197 2764 418 2803 ceteraeque
444 2786 452 2794 .
470 2789 476 2796 .
495 2787 502 2795 .
528 2762 678 2795 idoneae
709 2765 801 2798 ,Ιοικῑ
835 2763 915 2806 ce(‹2
942 2764 1139 2806 G)teraque
1174 2789 1179 2794 .
1201 2788 1208 2795 .
1230 2787 1236 2794 .
1270 2763 1402 2794 idonea
1435 2763 1512 2796 (ill.
1551 2761 1565 2805 ΙΙ
1602 2764 1645 2795 25

129 2839 230 2872 abies
258 2842 301 2872 G:
330 2840 428 2873 abe1s
456 2843 491 2873 II
523 2843 569 2882 (et
595 2848 671 2875 ante
695 2854 785 2875 corr.
812 2843 842 2874 L
868 2843 922 2875 ubi
951 2845 1018 2876 sic:
1050 2820 1171 2881 agueeiss,
1196 2843 1258 2874 sed
1281 2845 1310 2873 Ic
1336 2841 1465 2882 abies).
1499 2839 1515 2884 ΙΙ
1548 2844 1644 2874 cete-

78 2934 81 2937 >
128 2905 190 2927 rae
214 2896 306 2929 doen:
333 2897 437 2939 ce(ae
465 2898 588 2938 G)tera
616 2900 692 2931 Gll.

1687 926 1727 956 10

1686 1264 1725 1294 15
