1909 3322
255 242 337 283 204
904 250 1111 280 VlTRUVJI

256 357 521 413 reperientur
551 354 803 406 varietates,
844 367 919 410 per
949 367 1127 408 quarum
1160 365 1291 392 venas
1329 364 1464 406 aquae
1495 350 1561 389 vis
1600 362 1769 404 percur-

255 439 351 465 rens
374 423 508 464 tincta
530 422 726 478 pervenit
747 421 802 462 ad
832 421 1014 461 fontium
1038 434 1251 474 egressus,
1285 424 1327 459 et
1347 418 1408 458 ita
1430 431 1485 457 ex
1507 431 1554 457 eo
1577 416 1769 473 dispares

255 492 453 548 variique
499 490 781 547 perficiuntur
826 489 871 530 in
918 488 1103 544 propriis
1143 486 1372 541 generibus
1418 484 1557 526 fontes
1597 489 1771 540 propter

255 559 444 600 locorum
482 557 817 615 discrepantiam
857 562 898 597 et
936 557 1160 611 regionum
1201 553 1431 611 qualitates
1477 558 1771 606 terrarumque

212 637 230 666 ,5
257 625 489 668 dissimiles
530 627 827 683 proprietates.
896 639 950 665 ex
988 624 1054 664 his
1092 628 1234 663 autem
1264 621 1393 662 rebus
1434 626 1534 661 sunt
1571 617 1773 659 nonnulla
1798 628 1839 659 27

257 709 365 752 quae
404 709 482 749 ego
521 708 597 751 per
627 709 694 734 me
733 693 956 750 perspexi,
998 697 1138 732 cetera
1177 691 1221 730 in
1260 689 1381 730 libris
1413 688 1579 743 graecis
1613 687 1774 743 scripta

257 762 427 815 inveni,
474 776 652 818 quorum
690 763 945 818 scriptorum
991 759 1034 799 hi
1080 763 1179 799 sunt
1214 763 1413 798 vauctores
1454 755 1773 812 Theophrastos

257 831 459 872 Timaeus
498 829 754 871 Posidonios
785 828 997 883 Hegesias
1031 825 1276 866 Herodotus
1309 823 1526 866 Aristides
1557 821 1773 864 Metrodo-

258 914 352 952 rus,
399 898 472 954 qui
516 912 672 952 magna
710 896 937 952 vigilantia
975 900 1016 935 et
1061 893 1228 934 infinito
1269 891 1411 933 studio
1449 891 1641 932 locorum
1677 904 1771 946 pro-

194 976 233 1005 10
259 968 485 1024 prietates,
528 980 734 1021 aquarum
765 965 968 1015 virtutes,
1007 961 1062 1003 ab
1092 961 1370 1002 inclinatione
1410 958 1516 1000 caeli
1552 958 1775 1013 regionum

259 1033 489 1091 qualitates
520 1033 581 1073 ita
612 1047 705 1073 esse
738 1031 993 1072 distributas
1016 1030 1188 1086 scriptis
1212 1028 1535 1069 dedicaverunt.
1597 1040 1775 1082 quorum

260 1108 428 1143 secutus
460 1102 680 1157 ingressus
712 1100 756 1140 in
786 1099 867 1141 hoc
898 1097 1007 1139 libro
1038 1097 1267 1155 perscripsi
1301 1111 1409 1152 quae
1439 1095 1543 1136 satis
1576 1108 1670 1135 esse
1700 1108 1775 1150 pu-

259 1170 349 1212 tavi
381 1169 434 1209 de
464 1183 600 1224 aquae
632 1168 938 1219 varietatibus,
978 1180 1060 1221 quo
1092 1163 1260 1206 facilius
1293 1179 1347 1205 ex
1377 1163 1443 1204 his
1476 1162 1775 1220 praescriptio-

260 1238 387 1279 nibus
420 1236 582 1291 eligant
614 1235 807 1277 homines
829 1249 966 1290 aquae
998 1234 1160 1286 fontes,
1194 1233 1348 1289 quibus
1379 1231 1435 1271 ad
1467 1246 1592 1271 usum
1622 1229 1775 1271 salien-

200 1313 237 1343 15
261 1313 324 1346 tes
357 1305 524 1361 possint
553 1304 609 1344 ad
640 1304 838 1344 civitates
860 1302 1181 1357 municipiaque
1211 1300 1460 1357 perducere.
1520 1297 1636 1339 nulla
1666 1297 1779 1337 enim
1803 1309 1845 1339 28

263 1390 317 1414 ex
355 1373 551 1414 omnibus
590 1371 719 1413 rebus
757 1376 900 1412 tantas
938 1369 1098 1410 habere
1129 1368 1304 1409 videtur
1340 1367 1395 1407 ad
1432 1381 1557 1408 usum
1595 1365 1779 1405 necessi-

262 1448 371 1483 tates
404 1447 585 1496 quantas
617 1454 748 1495 aqua,
786 1438 882 1479 ideo
915 1436 1030 1493 quod
1061 1436 1250 1478 omnium
1281 1434 1530 1475 animalium
1561 1439 1712 1474 natura
1744 1432 1779 1473 si

263 1509 468 1550 frumenti
506 1507 650 1548 fructu
686 1507 857 1563 privata
895 1505 1025 1546 fuerit
1062 1504 1285 1545 arbustive
1327 1508 1401 1543 aut
1441 1516 1567 1542 carne
1605 1506 1678 1541 aut
1716 1500 1778 1555 pi-

264 1583 383 1617 scatu
426 1581 499 1615 aut
545 1575 674 1615 etiam
718 1573 910 1629 qualibet
956 1588 1011 1613 ex
1056 1571 1146 1625 his,
1194 1570 1369 1626 reliquis
1417 1569 1545 1610 rebus
1586 1582 1780 1609 escarum

196 1652 238 1682 '20
264 1644 423 1685 utendo
461 1642 619 1699 poterit
656 1643 767 1682 tueri
805 1641 960 1692 vitam,
1000 1640 1092 1680 sine
1122 1653 1233 1694 aqua
1264 1653 1365 1678 vero
1396 1652 1475 1678 nec
1505 1652 1658 1694 corpus
1690 1637 1780 1677 ani-

265 1710 441 1753 malium
462 1724 539 1750 nec
560 1709 647 1750 ulla
669 1708 755 1749 cibi
776 1708 914 1749 virtus
946 1713 1086 1764 potest
1116 1707 1237 1747 nasci
1266 1720 1342 1746 nec
1374 1706 1485 1746 tueri
1515 1719 1594 1745 nec
1624 1705 1780 1760 parari.

266 1793 396 1836 quare
434 1792 591 1832 magna
631 1776 859 1831 diligentia
897 1774 1198 1830 industriaque
1229 1773 1463 1829 quaerendi
1496 1778 1595 1814 sunt
1635 1778 1676 1813 et
1707 1771 1780 1812 eli-

267 1847 396 1902 gendi
429 1846 568 1887 fontes
601 1844 655 1885 ad
686 1844 899 1885 humanae
930 1844 1047 1883 vitae
1079 1841 1389 1883 salubritatem.

223 1922 250 1951 V
382 1914 672 1970 Expertiones
703 1918 845 1952 autem
877 1918 918 1952 et
952 1910 1226 1966 probationes
1249 1923 1394 1950 eorum
1417 1909 1477 1949 sic
1508 1914 1608 1949 sunt
1639 1908 1781 1964 provi-
1809 1914 1887 1953 (IV)

200 1991 241 2020 ‘25
268 1982 446 2023 flendae.
514 1981 550 2020 si
582 1986 706 2020 erunt
744 1978 1003 2035 profluentes
1036 1984 1076 2018 et
1106 1978 1258 2033 aperti,
1289 1983 1519 2032 antequam
1549 1975 1649 2016 duci
1678 1975 1781 2016 inci-

268 2051 462 2108 piantur,
494 2047 759 2103 aspiciantur
797 2047 1025 2101 animoque
1062 2044 1344 2085 advertantur
1375 2059 1458 2100 qua
1495 2042 1785 2084 membratura

361 2222 377 2251 1
404 2219 656 2262 repperientur
687 2218 800 2250 EGH.
837 2214 852 2257 ΙΙ
889 2226 1002 2247 venas
1040 2226 1155 2257 aquae
1193 2216 1248 2247 vis
1279 2216 1332 2247 ed.
1365 2214 1447 2254 (lz²):
1489 2225 1601 2247 venas
1634 2213 1785 2255 quaeviS

273 2277 463 2319 (quaelvis
489 2276 544 2315 E,
579 2285 646 2317 que
671 2274 725 2305 vis
760 2273 800 2313 G)
828 2272 939 2306 EGH.
973 2270 987 2314 Η
1021 2274 1038 2303 7
1065 2272 1226 2313 sciptorfi
1255 2272 1290 2305 G.
1332 2269 1347 2314 Η
1382 2271 1434 2302 hii
1461 2271 1507 2301 II.
1539 2268 1553 2312 Η
1594 2270 1785 2311 theophra-

272 2340 345 2365 stos
374 2333 473 2364 EGH
499 2332 554 2371 (L,
583 2333 684 2361 -tus
709 2329 763 2370 lc).
796 2326 810 2370 Η
842 2330 862 2359 8
888 2329 1044 2360 timaeus
1072 2329 1139 2361 GH
1163 2327 1226 2368 (L,
1255 2329 1384 2359 timeus
1410 2329 1439 2358 Ic
1464 2331 1496 2358 el
1524 2325 1601 2367 GC),
1633 2326 1785 2357 timeeus

273 2391 314 2423 E.
354 2387 369 2431 Η
406 2387 614 2430 posidonios
652 2386 754 2417 EGH
796 2384 859 2425 (L,
899 2395 1031 2416 —neus
1068 2385 1123 2425 Ic).
1170 2386 1232 2416 secl
1265 2383 1458 2415 herodotus
1495 2387 1527 2413 et
1564 2382 1787 2414 metrodorus

273 2456 392 2478 omnes.
425 2443 439 2486 Η
472 2443 643 2475 aristides
670 2442 743 2478 EG,
771 2442 951 2483 arystides
976 2442 1015 2472 II
1043 2442 1120 2482 (Le,
1148 2439 1311 2481 aystides
1336 2441 1372 2477 l).
1405 2437 1419 2481 ΙΙ
1452 2441 1471 2470 9
1498 2438 1786 2470 abinclinatione

275 2503 441 2543 caelique
463 2500 619 2542 (celique
641 2497 681 2537 G)
709 2499 897 2540 regionum
923 2497 1125 2539 qualitates
1151 2497 1252 2527 EGH
1284 2495 1398 2536 (Llclz,
1426 2496 1490 2526 nisi
1513 2496 1602 2536 quod
1626 2494 1673 2525 EC
1698 2496 1786 2526 dele-

273 2560 316 2590 vit
343 2568 409 2599 que
435 2558 483 2588 sic
509 2554 691 2595 caelique,
724 2555 761 2584 lzc
794 2559 901 2585 autem
932 2558 1009 2585 ante
1040 2553 1207 2593 caelique
1238 2552 1377 2583 inseruit
1402 2550 1551 2591 terrac).
1588 2551 1694 2582 delevi
1717 2560 1786 2590 que

273 2626 343 2645 eum,
372 2614 427 2644 EC.
468 2611 482 2655 Η
521 2613 559 2642 11
594 2621 673 2642 esse
705 2610 919 2641 distributas
952 2610 986 2640 Il
1019 2608 1127 2649 (Llc):
1166 2608 1378 2639 distributas
1411 2617 1487 2638 csse
1522 2606 1595 2637 EG.
1634 2603 1648 2648 Η
1688 2605 1786 2637 dedi-

276 2671 451 2702 caverunt
477 2668 578 2699 EGll
604 2667 665 2707 (L,
693 2665 971 2697 declinaverunt
995 2667 1024 2697 lc
1049 2669 1083 2696 et
1104 2669 1181 2695 ante
1206 2674 1294 2696 corr.
1320 2664 1354 2699 lt,
1382 2662 1662 2694 declaraverunt
1685 2660 1747 2700 126).
1771 2659 1784 2700 Η

281 2729 316 2757 13
344 2723 696 2767 praescriptionibus
722 2722 823 2753 EGH
849 2722 903 2761 (L,
931 2720 1257 2763 perscriptionibus
1283 2718 1338 2760 lc).
1369 2718 1382 2761 ΙΙ
1417 2720 1455 2749 1ss
1483 2718 1618 2749 habere
1644 2717 1788 2748 videtur

281 2783 363 2814 ln'll:
392 2782 528 2813 habere
554 2779 740 2810 videretur
767 2778 803 2809 G.
832 2776 846 2819 ΙΙ
877 2779 916 2809 18
943 2777 1131 2809 arbustive
1156 2787 1216 2816 eqo
1243 2773 1461 2815 (arbustisve
1488 2775 1573 2813 ed.):
1603 2773 1788 2805 arbustivo

280 2839 313 2867 ll
341 2838 447 2877 (hle),
482 2836 668 2867 arbustino
695 2835 766 2866 EG.
798 2830 814 2875 H
848 2835 887 2865 19
913 2833 1080 2873 qualibet
1112 2843 1154 2864 ex
1179 2832 1234 2863 his
1260 2832 1317 2870 (se.
1344 2829 1480 2871 rebus),
1508 2829 1658 2870 reliquis
1683 2829 1789 2860 rebus

278 2903 443 2923 escarum
470 2903 546 2933 esso:
576 2891 737 2932 qualibet
763 2900 805 2921 ex
830 2889 885 2920 his
912 2890 1063 2931 reliquis
1090 2899 1116 2920 r.
1138 2899 1169 2923 e.
1195 2887 1305 2919 EGJJ.
1335 2884 1351 2928 Η
1381 2888 1421 2917 21
1451 2885 1523 2916 cibi
1548 2885 1627 2916 EG:
1656 2885 1728 2916 ciui
1752 2885 1789 2915 H

279 2948 375 2990 (fich,
403 2948 460 2979 cui
484 2949 495 2978 l
518 2949 580 2979 sed
603 2950 629 2979 [ὅ
654 2946 752 2988 eibi).
