1909 3322
226 610 246 639 U!

208 947 247 977 10

209 1959 251 1990 25

275 217 331 258 50
925 221 1137 251 VITRUVII

271 328 421 370 tudine
452 327 588 379 facta,
620 326 665 365 in
697 338 780 380 qua
810 323 953 364 media
982 321 1249 364 Mausoleum
1279 321 1341 362 ita
1372 320 1557 375 egregiis
1589 318 1791 375 operibus

273 403 337 437 est
374 395 535 436 factum
572 399 619 433 ut
656 393 702 433 in
740 398 904 448 septem
942 388 1198 446 spectaculis
1235 389 1493 430 nominetur.
1552 388 1597 427 in
1628 401 1793 428 summa

271 477 368 504 arce
405 461 550 501 media
579 459 734 500 Martis
773 459 921 500 fanum
958 457 1122 500 habens
1162 462 1348 497 statuam
1387 454 1637 496 colossicam
1674 468 1791 495 acro-

272 530 409 571 lithon
438 526 575 569 nobili
611 541 741 568 manu
770 526 1002 568 Leocharis
1044 525 1216 566 factam.
1276 522 1387 564 hanc
1424 528 1568 564 autem
1607 528 1794 563 statuam

270 597 345 638 alii
382 594 617 637 Leocharis
654 594 730 635 alii
775 593 995 634 Timothei
1039 598 1192 649 putant
1231 605 1337 632 esse.
1397 590 1440 630 in
1481 604 1612 631 cornu
1651 596 1795 631 autem

270 678 436 705 summo
474 662 628 704 dextro
659 662 841 703 Veneris
874 667 915 701 et
946 659 1150 702 Mercurii
1189 659 1336 700 fanum
1373 657 1429 699 ad
1459 658 1601 714 ipsum
1632 657 1794 699 Salma-

272 731 380 772 cidis
412 730 589 772 fontem.
656 729 693 772 is
723 735 869 771 autem
899 727 1009 769 falsa
1030 727 1231 784 opinione
1251 732 1429 782 putatur
1449 725 1624 766 venerio
1645 725 1795 767 morbo

270 798 478 855 inplicare
509 812 581 839 eos
614 797 687 853 qui
717 811 772 837 ex
803 810 851 838 eo
881 795 1086 836 biberint.
1148 792 1224 836 sed
1254 794 1360 834 haec
1391 793 1536 849 opinio
1568 807 1699 849 quare
1720 806 1797 849 per

272 866 419 907 orbem
463 872 603 906 terrae
650 863 758 904 falso
804 877 974 905 rumore
1014 863 1070 904 sit
1105 867 1343 918 pervagata
1386 876 1473 903 non
1518 861 1685 917 pigebit
1724 875 1796 901 ex-

272 947 444 990 ponere.
503 947 589 974 non
627 932 742 972 enim
782 930 896 987 quod
933 930 1092 971 dicitur
1130 928 1277 971 molles
1316 935 1357 970 et
1394 929 1622 986 inpudicos
1663 943 1718 970 ex
1749 942 1798 969 ea

271 1016 384 1057 aqua
413 1000 529 1054 fieri,
568 999 613 1040 id
644 1005 786 1055 potest
818 1012 910 1040 esse
920 1031 930 1052 7
971 997 1047 1039 sed
1089 1003 1153 1038 est
1191 998 1282 1038 eius
1313 996 1446 1038 sontis
1477 1002 1669 1053 potestas
1701 1010 1795 1052 per-

272 1067 417 1109 lucida
454 1081 663 1124 saporque
702 1066 916 1121 egregius.
985 1080 1080 1106 cum
1118 1071 1260 1106 autem
1299 1063 1436 1105 Melas
1476 1070 1517 1105 et
1553 1064 1795 1105 Arevanias

273 1136 328 1177 ab
356 1135 488 1190 Argis
522 1142 563 1175 ct
594 1134 814 1175 Troezene
853 1132 1062 1174 coloniam
1102 1147 1368 1175 communem
1409 1147 1457 1174 eo
1489 1131 1572 1174 loci
1604 1132 1794 1173 deduxe-

272 1209 385 1256 runt,
417 1202 624 1243 barbaros
648 1201 779 1243 Caras
803 1207 844 1242 et
865 1199 1049 1256 Lelegas
1080 1201 1310 1242 eiecerunt.
1371 1200 1415 1241 hi
1436 1206 1579 1241 autem
1601 1200 1656 1240 ad
1678 1214 1794 1241 mon-

271 1276 336 1311 tes
368 1269 507 1324 fugati
538 1270 650 1311 inter
682 1283 727 1310 se
758 1274 1072 1323 congregantes
1096 1268 1399 1311 discurrebant
1424 1273 1465 1308 et
1486 1267 1549 1308 ibi
1570 1266 1797 1309 latrocinia

272 1337 480 1378 facientes
519 1335 751 1377 crudeliter
789 1351 859 1378 eos
898 1335 1142 1377 vastabant.
1203 1342 1353 1392 postea
1393 1334 1447 1376 de
1483 1334 1647 1377 colonis
1685 1350 1795 1376 unus

272 1405 328 1445 ad
360 1418 455 1445 eum
484 1403 648 1445 sontem
685 1410 860 1459 propter
897 1403 1134 1446 bonitatem
1172 1418 1309 1459 aquae
1342 1408 1544 1459 quaestus
1576 1416 1705 1443 causa
1733 1408 1796 1443 ta-

273 1472 449 1513 bernam
480 1471 677 1513 omnibus
709 1472 844 1528 copiis
875 1472 1084 1513 instruxit
1115 1485 1293 1526 eamque
1324 1470 1564 1512 exercendo
1597 1484 1667 1511 eos
1698 1469 1795 1510 bar-

274 1539 401 1581 baros
439 1538 682 1580 allectabat.
750 1539 812 1580 ita
849 1537 1105 1594 singillatim
1150 1539 1426 1580 decurrentes
1476 1544 1518 1579 et
1555 1537 1610 1578 ad
1649 1543 1796 1578 coetus

275 1607 577 1649 convenientes
610 1621 632 1646 e
663 1606 769 1647 duro
808 1606 985 1663 feroque
1021 1621 1139 1648 more
1170 1606 1419 1648 commutati
1457 1606 1502 1646 in
1533 1604 1796 1646 Graecorum

275 1674 629 1715 consuetudinem
680 1680 721 1715 et
770 1676 1028 1715 suavitatem
1073 1689 1150 1715 sua
1195 1673 1418 1716 voluntate
1463 1672 1794 1719 reducebantur.

276 1757 376 1797 ergo
408 1756 458 1782 ea
486 1756 597 1797 aqua
627 1756 713 1782 non
734 1741 929 1797 inpudici
958 1741 1097 1784 morbi
1119 1742 1228 1783 vitio
1251 1741 1326 1782 sed
1348 1741 1629 1782 humanitatis
1652 1739 1794 1780 dulce-

275 1809 375 1850 dine
405 1809 581 1851 mollitis
613 1810 768 1849 animis
801 1808 1079 1851 barbarorum
1112 1824 1205 1850 eam
1236 1808 1396 1849 famam
1426 1815 1492 1850 est
1521 1808 1692 1864 adepta.

386 1875 662 1932 Relinquitur
697 1891 812 1917 nunc
858 1877 1059 1932 quoniam
1107 1876 1163 1917 ad
1202 1876 1535 1933 explicationem
1579 1876 1796 1918 moenium

276 1958 420 1984 eorum
453 1958 546 1984 sum
576 1944 794 1998 invectus,
827 1951 874 1985 ut
903 1950 994 1985 tota
1022 1945 1087 1985 uti
1117 1950 1216 1985 sunt
1247 1944 1463 1985 definiam.
1524 1943 1796 2001 quemadmo-

277 2011 378 2051 dum
410 2011 523 2050 enim
553 2011 599 2051 in
630 2010 785 2052 dextra
815 2018 936 2067 parte
973 2012 1121 2052 fanum
1153 2018 1218 2054 est
1248 2011 1431 2053 Veneris
1465 2018 1506 2052 et
1537 2011 1633 2052 fons
1667 2025 1797 2066 supra

279 2078 486 2133 scriptus7
519 2079 579 2119 ita
610 2079 654 2119 in
685 2079 859 2121 sinistro
892 2094 1022 2132 cornu
1051 2080 1171 2134 regia
1202 2079 1376 2133 domus⁷
1410 2093 1536 2135 quam
1566 2093 1644 2119 rex
1673 2078 1794 2119 Mau-

278 2144 392 2186 solus
423 2145 478 2185 ad
508 2160 628 2186 suam
659 2146 867 2188 rationem
908 2147 1162 2189 conlocavit.
1223 2147 1484 2203 conspicitur
1516 2147 1630 2188 enim
1661 2161 1716 2187 ex
1748 2160 1797 2186 ea

369 2297 388 2326 3
415 2294 627 2326 colossicam
654 2294 772 2325 Solem:
801 2294 935 2327 colossi
961 2306 1067 2336 quam
1092 2295 1199 2337 J1(L‚
1227 2295 1361 2328 colossi
1388 2298 1453 2338 qufi
1480 2298 1499 2335 Ι,
1527 2295 1700 2338 colosphi.
1729 2295 1793 2338 (10,

278 2350 547 2392 colosphi.qu‹t·
578 2349 629 2391 lc),
664 2350 776 2382 colosi
803 2353 870 2391 qua
897 2352 933 2383 G.
973 2350 986 2393 ΙΙ
1026 2352 1231 2384 acrolithon
1265 2353 1342 2384 GH.
1380 2349 1395 2394 Η
1432 2354 1453 2384 4
1478 2353 1676 2384 Leocharis
1700 2353 1795 2384 Rode

279 2404 416 2448 (Plin.):
442 2406 516 2437 telo
545 2405 653 2437 claris
671 2410 748 2437 ante
766 2416 856 2440 corr.
877 2408 913 2447 G,
934 2407 1131 2439 telocharis
1148 2409 1186 2439 II
1205 2407 1357 2449 (GcLle).
1387 2406 1402 2450 Η
1434 2411 1453 2440 5
1471 2408 1568 2441 teleo
1587 2408 1698 2440 claris
1716 2413 1795 2440 ante

279 2473 369 2496 corr.
404 2463 440 2498 G,
472 2461 698 2493 teleocharis
723 2463 761 2492 H
795 2461 946 2504 (GcLle).
981 2461 995 2505 Η
1034 2465 1053 2495 6
1078 2465 1232 2496 mercuri
1264 2464 1311 2494 H.
1345 2461 1359 2505 Ι]
1398 2465 1416 2495 7
1447 2465 1596 2496 venerio
1622 2466 1659 2496 Il
1686 2465 1794 2505 (Llc):

278 2529 411 2550 venero
440 2518 477 2550 G.
511 2515 525 2560 ΙΙ
568 2519 588 2550 8
612 2517 774 2549 biberint
804 2519 842 2549 Il
867 2518 976 2560 (Llc):
1016 2520 1188 2551 biberunt
1215 2519 1253 2553 G.
1292 2517 1310 2561 Η
1353 2521 1373 2550 9
1399 2519 1494 2551 falso
1528 2531 1668 2553 rumore
1699 2522 1792 2555 Joe.:

280 2575 453 2606 salsorum
481 2584 541 2605 ore
570 2574 635 2605 GIl
668 2572 821 2613 (falsorfi
849 2585 908 2606 ore
935 2574 1024 2616 Lle).
1058 2573 1072 2617 ΙΙ
1111 2577 1151 2607 12
1183 2575 1376 2607 areuanias
1409 2575 1644 2619 (areluanias
1672 2576 1712 2618 G)
1746 2578 1795 2608 sie

281 2631 356 2664 (ill.
389 2628 404 2676 [Ι
445 2632 485 2662 13
511 2630 696 2661 Troezene
726 2630 819 2661 ἆσαι
864 2633 1009 2662 troezen
1043 2632 1118 2664 GJl.
1158 2629 1172 2672 Η
1212 2632 1252 2662 14
1284 2631 1470 2663 eiecerunt
1505 2634 1584 2664 Lle:
1629 2634 1794 2664 eicerunt

281 2687 357 2720 [ΙΙΙ.
388 2685 403 2728 Η
437 2686 477 2718 15
495 2688 773 2727 congregantes:
799 2686 847 2716 sie
867 2686 942 2720 Gll,
977 2684 990 2727 ΙΙ
1025 2688 1064 2718 16
1090 2687 1132 2718 de
1153 2686 1307 2718 colonis:
1335 2687 1482 2720 deconis
1508 2693 1586 2720 ante
1604 2700 1693 2721 corr.
1717 2690 1753 2720 G.
1775 2687 1789 2729 ἓξ

279 2744 321 2773 20
354 2742 431 2772 fero
457 2743 504 2773 Ic:
538 2742 632 2773 ferro
661 2741 727 2772 GH
752 2740 826 2782 (L).
860 2739 873 2783 Ι]
905 2744 946 2773 22
972 2743 1093 2774 morbo
1124 2747 1201 2774 ante
1232 2753 1323 2774 corr.
1358 2744 1395 2774 ΙΙ
1429 2742 1476 2784 (et
1501 2755 1518 2775 c
1542 2749 1620 2776 ante
1644 2744 1750 2784 corr).
1774 2743 1788 2786 Ι

280 2799 321 2828 23
347 2798 493 2828 animis:
520 2798 626 2829 annis
652 2802 729 2829 (mle
753 2808 843 2828 corr.
873 2798 910 2829 G.
943 2795 957 2839 ll
989 2800 1031 2829 24
1058 2798 1304 2840 explicationi]
1340 2804 1418 2831 aute
1443 2810 1533 2833 corr.
1561 2800 1677 2842 (—-n{)
1704 2801 1752 2832 H.
1774 2799 1787 2841 Η

279 2854 321 2883 25
349 2853 513 2885 invectus
539 2856 579 2884 ut
602 2856 680 2884 tota
706 2853 816 2886 Mar.:
850 2853 1016 2885 invectus
1048 2857 1125 2885 tota
1156 2859 1233 2886 (mle
1258 2865 1348 2888 corr.
1386 2856 1428 2892 G,
1460 2856 1629 2888 invectus
1654 2857 1729 2887 tota
1754 2856 1794 2886 II

280 2907 432 2948 (Glee).
465 2907 480 2949 Η
511 2911 553 2940 27
579 2909 763 2941 mausolus
790 2909 832 2940 G:
860 2919 967 2939 manu
993 2909 1091 2940 solus
1118 2910 1153 2940 Il
1180 2910 1285 2950 (Lle).

1822 732 1863 768 12

1823 1886 1864 1917 13
