1899 3322
83 1625 123 1655 10

581 220 644 249 DE
675 219 1031 250 ARCHITECTURA
1062 221 1152 250 LIB.
1185 221 1226 250 v.
1590 211 1667 252 107

145 322 424 379 angularibus
456 327 571 375 octo,
604 336 660 362 ex
688 320 823 362 altera·
860 328 982 378 parte
1013 337 1110 362 cum
1141 322 1422 378 angularibus
1462 335 1530 376 Vl,
1570 322 1668 364 ideo

146 391 262 448 quod
291 389 460 431 mediae
491 389 602 430 duae
631 390 676 430 in
708 404 756 430 ea
786 395 910 445 parte
939 404 1025 430 non
1055 396 1153 430 sunt
1182 391 1349 445 positae
1370 405 1422 431 ne
1444 391 1667 446 inpediant

145 465 345 515 aspectus
376 458 527 514 pronai
557 456 677 498 aedis
708 458 914 512 Augusti,
947 470 1056 512 quae
1088 463 1150 497 est
1182 458 1225 497 in
1256 457 1397 499 medio
1429 457 1563 499 latere
1594 473 1666 514 pa-

143 528 264 569 rietis
304 525 509 567 basilicae
547 524 769 567 conlocata
806 531 1004 581 spectans
1045 524 1236 565 medium
1275 524 1415 566 forum
1447 532 1488 566 et
1519 525 1668 566 aedem

145 595 280 637 Iovis.
340 595 443 634 item
480 591 674 634 tribunal
712 591 827 648 quod
868 599 932 633 est
962 592 1008 631 in
1039 605 1088 632 ea
1118 591 1239 645 aede7
1271 592 1518 648 hemicyclii
1550 593 1666 634 schc-

145 663 272 704 matis
311 662 489 703 minoris
528 666 761 702 curvatura
799 666 864 701 est
901 659 1145 700 formatum.
1222 660 1313 699 eius
1352 666 1494 700 autem
1533 660 1666 701 helni-

147 729 276 788 eyclii
303 730 348 770 in
376 729 518 770 fronte
548 736 613 770 est
641 727 919 769 intervallum
940 727 1099 783 pedum
1128 739 1253 779 XLVI,
1284 727 1493 768 introrsus
1517 742 1666 769 curva-

146 805 244 840 tura
264 796 425 855 pedum
452 809 529 849 XV,
561 798 625 837 uti
655 797 729 852 qui
758 796 874 852 apud
905 795 1185 850 magistratus
1215 800 1378 835 starent
1399 796 1667 849 negotiantes

146 867 192 908 in
222 865 404 907 basilica
442 879 496 905 ne
534 864 794 921 inpedirent.
854 878 983 919 supra
1022 862 1241 903 columnas
1282 876 1337 902 ex
1368 861 1505 903 tribus
1538 863 1668 917 tignis=

145 932 425 991 bipedalibus
466 932 700 988 compactis
737 931 880 972 trabes
921 937 1020 971 sunt
1058 930 1170 970 circa
1201 928 1471 983 conlocatae,
1510 944 1669 986 eaeque

145 1002 201 1043 ab
232 1001 368 1042 tertiis
401 999 610 1042 columnis
643 1013 750 1056 quae
782 1006 881 1040 sunt
911 999 956 1039 in
995 999 1198 1039 interiore
1225 1004 1363 1053 parte,
1394 1004 1672 1039 revertuntur

146 1069 202 1111 ad
240 1076 362 1110 antas
402 1082 510 1124 quae
549 1082 572 1108 a
612 1082 773 1124 pronao
818 1073 1076 1122 procurrunt
1130 1065 1370 1120 dextraque
1417 1072 1457 1106 et
1495 1066 1669 1106 sinistra

145 1135 452 1193 hemicyclium
490 1141 685 1191 tangunt.
748 1150 876 1191 supra
914 1133 1060 1175 trabes
1101 1139 1248 1174 contra
1282 1132 1472 1189 capitula
1503 1147 1556 1173 ex
1588 1132 1669 1173 ful-

146 1205 303 1246 mentis
336 1203 571 1260 dispositae
601 1202 714 1259 pilae
746 1210 845 1244 sunt
877 1201 1123 1243 conlocatae
1155 1200 1267 1242 altae
1297 1201 1430 1256 pedes
1462 1213 1529 1253 ΙΙΙ,
1563 1200 1672 1242 latae

149 1286 471 1329 quoqueversus
521 1278 763 1327 quaternos.
831 1285 961 1327 supra
1006 1284 1077 1310 eas
1123 1283 1179 1309 ex
1217 1267 1386 1310 duobus
1432 1269 1564 1323 tignis
1605 1269 1669 1309 bi-

147 1339 376 1398 pedalibus
414 1339 557 1380 trabes
597 1353 863 1394 euerganeae
905 1339 1017 1378 circa
1056 1343 1155 1378 sunt
1194 1335 1452 1377 conlocatae.
1515 1336 1670 1393 quibus

147 1410 325 1464 insuper
361 1413 550 1448 transtra
589 1421 685 1448 cum
723 1404 933 1463 capreolis
972 1403 1269 1445 columnarum
1310 1410 1458 1444 contra
1495 1419 1672 1460 corpora

149 1483 190 1517 et
218 1482 341 1517 antas
374 1482 415 1515 et
446 1475 631 1531 parietes
663 1475 813 1530 pronai
845 1472 1066 1515 conlocata
1097 1473 1311 1513 sustinent
1340 1487 1474 1512 unum
1506 1471 1671 1513 culmen

148 1550 380 1602 perpetuae
410 1542 637 1594 basilicae,
678 1541 862 1583 alterum
892 1556 917 1581 a
947 1539 1089 1581 medio
1121 1555 1252 1597 supra
1290 1554 1499 1596 pronaum
1538 1540 1672 1580 aedis.

148 1613 211 1654 ita
241 1611 515 1666 fastigiorum
547 1609 709 1667 duplex
746 1610 965 1665 pectinata
1005 1608 1230 1664 dispositio
1271 1608 1537 1648 extrinsecus
1570 1608 1672 1648 tecti

150 1686 191 1720 et
222 1679 439 1720 interioris
470 1677 583 1719 altae
605 1678 837 1718 testudinis
858 1681 1049 1732 praestat
1071 1676 1257 1731 speeiem
1280 1682 1519 1715 venustam.
1571 1676 1673 1715 item

150 1747 322 1789 sublata
354 1744 655 1802 epistyliorum
687 1750 937 1785 ornamenta
966 1752 1006 1784 et
1028 1742 1272 1799 pluteorum
1295 1741 1673 1799 columnarumque

150 1815 417 1871 superiorum
450 1813 700 1854 distributio
732 1827 957 1869 operosam
988 1810 1175 1851 detrahit
1197 1808 1436 1851 molestiam
1458 1818 1672 1866 sumptus-

151 1897 234 1939 que
266 1882 468 1923 inminuit
500 1896 555 1921 ex
585 1895 741 1935 magna
763 1887 886 1936 parte
907 1893 1132 1919 summam.
1183 1879 1303 1934 ipsae
1326 1892 1427 1918 vero
1451 1877 1674 1919 columnae

150 1952 195 1991 in
231 1948 462 1990 altitudine
506 1954 715 2005 perpetua
764 1947 844 1988 sub
890 1946 1034 1987 trabes
1083 1946 1316 1987 testudinis
1361 1945 1595 2002 perductae
1634 1952 1671 1985 et

149 2017 514 2073 magnificentiam
552 2016 759 2072 inpensae
799 2022 841 2056 et
879 2014 1180 2055 auctoritatem
1211 2014 1329 2069 operi
1361 2013 1578 2068 adaugere
1611 2014 1672 2053 vi-

150 2085 320 2127 dentur.

1701 944 1738 972 10

1700 1280 1739 1310 15

1698 1619 1740 1647 ⁸2⁰

1702 1956 1742 1985 25

262 2153 492 2194 Aerarium
503 2184 513 2205 7
547 2166 714 2204 carcer,
748 2151 866 2192 curia
896 2150 988 2192 foro
1020 2155 1120 2191 sunt
1150 2148 1471 2204 coniungenda,
1505 2146 1581 2189 sed
1613 2149 1670 2189 ita
1696 2157 1731 2188 ΙΙ

243 2282 259 2312 1
284 2280 335 2312 VI
360 2280 398 2311 H
423 2277 502 2321 (L):
529 2289 593 2311 sex
620 2279 658 2310 G.
690 2276 757 2325 HJ>
783 2277 875 2319 quod
909 2277 978 2308 GII
1001 2276 1077 2317 (LI,
1110 2286 1203 2318 quae
1234 2275 1300 2316 elz).
1333 2273 1348 2317 Η
1378 2275 1574 2315 hemicycli
1609 2275 1674 2305 GH

153 2335 244 2377 (icem
260 2348 289 2368 v.
309 2335 354 2377 6).
379 2334 394 2378 ΙΙ
417 2335 592 2367 scematis
620 2335 696 2366 GH.
720 2332 736 2377 ΙΙ
758 2335 777 2366 6
797 2335 993 2365 curvatura
1013 2333 1079 2365 GH
1102 2332 1158 2373 (L,
1179 2335 1397 2364 curvaturae
1415 2335 1521 2365 (—rae
1542 2333 1564 2370 l,
1589 2341 1673 2372 —re

152 2393 204 2428 elz)
228 2392 280 2425 Ich
310 2389 391 2434 [vf].
427 2389 442 2434 Η
474 2394 530 2423 est
554 2392 633 2424 add.
662 2391 745 2423 Lor.
781 2388 997 2432 (curvatura
1023 2389 1218 2421 formatum
1247 2387 1339 2428 GH).
1373 2385 1387 2429 Η
1422 2388 1439 2418 7
1466 2386 1518 2426 (et
1543 2387 1577 2425 8)
1613 2397 1672 2434 pey-

155 2449 236 2480 dum
261 2448 354 2480 Joc.:
394 2448 504 2490 pedes
533 2448 606 2480 GH.
642 2445 657 2490 Η
689 2449 729 2479 10
763 2456 898 2487 eaeque
932 2444 1108 2496 (easque
1136 2445 1192 2485 Ge)
1230 2445 1311 2475 sill:
1346 2444 1486 2484 haeque
1522 2442 1625 2483 (Llc).

155 2517 194 2547 12
221 2506 356 2557 aproni)
385 2516 428 2547 GC
460 2513 509 2555 (ιιι
539 2526 644 2557 supra
674 2526 707 2557 p.
740 2517 801 2556 96,
828 2513 898 2552 21).
933 2510 948 2554 Η
989 2515 1028 2545 13
1067 2512 1342 2554 hemicyclium:
1381 2513 1430 2542 sic
1463 2511 1538 2542 GH.
1576 2507 1591 2552 [J
1635 2512 1673 2541 15

154 2594 294 2625 quoque
329 2582 390 2628 (ᾗ
418 2583 460 2621 G,
495 2574 551 2627 (ᾖ)
589 2584 650 2623 GC,
686 2591 793 2624 quoq3
824 2581 934 2621 Ith,
969 2591 1073 2623 quoq:
1101 2592 1134 2618 c,
1167 2590 1308 2622 quoquc
1334 2579 1357 2619 l)
1390 2588 1515 2611 versus
1549 2578 1625 2608 (ill.
1655 2575 1669 2618 '¹1

154 2643 350 2682 quaternos
384 2640 494 2671 Man:
534 2644 732 2681 quaternus
768 2643 846 2669 ante
877 2648 967 2668 corr.
1001 2637 1053 2677 II,
1088 2637 1188 2668 —nis
1222 2636 1304 2668 Gllc
1337 2634 1440 2675 (Llc).
1479 2632 1493 2675 {l
1534 2634 1572 2665 16
1599 2637 1670 2665 tra-

154 2697 218 2728 bes
245 2696 289 2729 G:
316 2707 378 2729 om.
407 2696 443 2727 H
468 2696 519 2736 (cle
547 2694 631 2738 [f]).
663 2693 679 2738 ss
711 2704 958 2735 euerganeac:
990 2694 1038 2725 sic
1065 2692 1192 2734 (ssnee
1222 2692 1262 2731 G)
1292 2692 1366 2722 Gll.
1401 2688 1415 2733 Η
1448 2692 1486 2721 17
1512 2694 1672 2721 transtra

156 2751 239 2784 Lm:
274 2755 392 2784 trasta
420 2753 486 2784 GH
511 2751 581 2793 (lc).
619 2749 635 2794 Η
674 2753 715 2784 18
741 2750 924 2783 collocata
950 2750 1041 2781 ·lo‹·.:
1077 2748 1289 2781 conlocatae
1323 2747 1418 2785 (—-te
1446 2747 1482 2779 G,
1510 2749 1589 2788 —tQ
1615 2746 1672 2785 δ”)

159 2808 235 2840 GH.
269 2807 283 2850 [Ι
315 2810 358 2841 20
382 2808 571 2850 pectinata
597 2807 769 2839 Bondczm:
797 2806 1002 2845 tecti[nata
1031 2806 1074 2843 G,
1100 2805 1280 2837 tectinata
1308 2804 1342 2834 ΙΙ
1368 2801 1431 2842 (L,
1464 2802 1553 2834 tecti
1585 2805 1674 2833 nata

157 2863 212 2903 Ic).
243 2861 259 2905 11
290 2865 332 2896 25
357 2865 480 2895 trabes
503 2863 507 2905 Ι
531 2869 574 2900 G:
602 2863 706 2896 trabe
729 2862 734 2905 Ι
755 2864 792 2894 H
818 2861 937 2903 (trabe
964 2861 1051 2902 Llc)⁴
1086 2859 1100 2903 ΙΙ
1132 2862 1174 2891 ‘26
1200 2859 1398 2901 adaugere:
1424 2860 1472 2890 sic
1499 2858 1575 2890 GH.
1594 2855 1608 2900 Η
1630 2859 1673 2890 28

157 2919 414 2962 conlungenda
442 2920 481 2954 G.
