1899 3322
82 545 122 576 14

584 230 645 259 DE
677 228 999 258 ARcmTEc‘rcR
1031 228 1154 257 ΑΜΒ.
1187 227 1234 255 11.
1611 215 1666 255 59

147 333 344 386 Dianae,
386 332 515 373 etiam
554 330 771 372 lacunaria
803 336 844 370 ct
876 329 937 369 ibi
970 335 1011 369 et
1042 329 1084 369 in
1117 329 1270 369 ceteris
1302 326 1521 368 nobilibus
1553 327 1666 367 fanis

147 407 323 458 propter
363 400 662 441 aeternitatem
701 404 800 439 sunt
837 397 964 437 facta.
1031 402 1266 436 nascuntur
1308 401 1452 436 autem
1491 409 1565 435 eae
1602 409 1666 434 ar-

146 469 272 510 bores
318 469 506 510 maxime
535 467 690 509 Cretae
727 470 769 506 et
799 464 976 505 Africae
1015 469 1054 503 ct
1096 461 1311 503 nonnullis
1344 462 1496 518 Syriae
1528 463 1665 516 regio-

147 537 289 578 nibus.
350 536 460 577 larix
499 550 617 588 vero,
657 547 763 590 quae
799 546 886 573 non
917 536 981 571 est
1012 536 1113 571 nota
1150 530 1236 570 nisi
1267 530 1303 570 is
1334 528 1667 585 municipalibus

148 606 222 662 qui
253 611 351 645 sunt
382 604 495 644 circa
525 603 665 658 ripam
694 600 885 642 fluminis
907 597 1017 639 Padi
1049 605 1089 639 et
1120 596 1247 638 litora
1276 598 1408 638 maris
1440 596 1667 649 Hadriani,

147 687 233 714 non
270 672 407 713 solum
444 670 498 712 ab
538 671 629 711 suci
667 667 913 710 vehementi
950 666 1177 706 amaritate
1215 664 1269 704 ab
1302 664 1415 704 carie
1445 672 1517 705 aut
1554 666 1667 705 tinea

147 754 233 781 non
268 745 467 791 nocetur,
515 737 591 779 sed
629 737 758 778 etiam
796 735 1012 776 flammam
1052 734 1108 773 'ex
1145 732 1237 787 igni
1268 746 1354 772 non
1384 732 1558 787 recipit,
1591 746 1669 772 nec

146 808 241 864 ipsa
290 821 366 863 per
410 820 456 847 se
500 811 643 862 potest
686 803 839 845 ardere
882 801 967 842 nisi
1012 801 1076 842 uti
1115 814 1267 842 saxum
1312 799 1357 839 in
1404 798 1575 840 fornace
1614 799 1670 839 ad

148 874 308 916 calcem
330 872 597 930 coquendam
626 871 724 913 aliis
755 870 886 927 lignis
916 874 1078 910 uratur.
1138 881 1218 909 nec
1247 873 1390 907 tamen
1420 872 1522 907 tunc
1552 866 1668 907 flam-

146 958 260 984 mam
296 943 451 998 recipit
481 955 560 982 nec
591 939 820 981 carbonem
849 937 1053 990 remittit,
1094 934 1171 976 sed
1208 933 1339 989 longo
1380 935 1518 989 spatio
1550 934 1671 975 tarde

149 1010 428 1053 comburitur.
508 1008 622 1065 quod
668 1014 733 1049 est
770 1007 948 1047 minima
993 1004 1106 1059 ignis
1155 1009 1195 1044 et
1233 1002 1346 1043 aeris
1386 1016 1408 1041 e
1446 1001 1671 1057 principiis

147 1083 454 1135 temperatura,
486 1091 634 1117 umore
654 1082 797 1117 autem
820 1080 860 1115 et
889 1080 1059 1115 terreno
1092 1077 1156 1112 est
1186 1070 1326 1126 spisse
1358 1067 1554 1121 solidata,
1587 1083 1672 1109 non

147 1146 276 1188 habet
298 1146 438 1202 spatia
469 1144 727 1186 foraminum
760 1156 843 1198 qua
873 1141 1011 1197 possit
1043 1139 1155 1194 ignis
1188 1143 1428 1193 penetrare,
1464 1137 1673 1192 reicitque

148 1216 237 1256 eius
267 1214 357 1254 vim
388 1227 467 1253 nec
497 1212 659 1268 patitur
688 1210 743 1251 ab
776 1224 824 1251 eo
857 1208 941 1250 sibi
973 1208 1057 1248 cito
1088 1206 1247 1258 noceri,
1280 1210 1539 1260 propterque
1570 1218 1671 1260 pon-

148 1283 228 1323 dus
268 1281 322 1323 ab
360 1295 472 1337 aqua
509 1294 595 1320 non
633 1278 888 1329 sustinetur,
928 1274 1005 1317 sed
1037 1289 1132 1316 cum
1162 1279 1379 1329 portatur,
1418 1278 1492 1313 aut
1523 1273 1568 1312 in
1598 1286 1670 1312 na-

107 1376 111 1377 r
151 1351 279 1391 vibus
310 1356 384 1390 aut
416 1362 546 1404 supra
575 1346 783 1400 abiegnas
816 1351 930 1385 rates
963 1341 1222 1384 conlocatur.

81 1426 122 1457 15

84 2309 124 2340 16

247 1417 313 1458 Ea
349 1423 493 1458 autem
530 1415 730 1455 materies
763 1409 1124 1468 quemadmodum
1156 1409 1213 1449 sit
1243 1408 1420 1448 inventa
1452 1414 1517 1450 cst
1548 1422 1674 1448 causa

148 1499 419 1541 cognoscere.
498 1483 627 1524 divus
660 1481 820 1523 Caesar
866 1494 962 1520 cum
1008 1477 1247 1520 exercitum
1291 1475 1515 1516 habuisset
1561 1476 1673 1516 circa

147 1553 282 1610 Alpes
321 1552 710 1608 imperavissetque
747 1547 996 1603 municipiis
1036 1551 1254 1602 praestare
1294 1548 1555 1584 commeatus
1592 1543 1672 1584 ibi-

149 1636 230 1678 que
252 1626 366 1661 esset
388 1617 613 1661 castellum
633 1617 846 1658 munitum
875 1613 989 1670 quod
1020 1612 1258 1655 vocabatur
1286 1612 1540 1666 Larignum,
1574 1618 1674 1652 tunc
1700 1630 1707 1635 ·

149 1690 222 1745 qui
266 1689 310 1729 in
356 1702 404 1728 eo
444 1687 617 1728 fuerunt
656 1682 844 1726 naturali
880 1682 1118 1723 munitione
1157 1680 1308 1721 confisi
1337 1678 1565 1720 noluerunt
1596 1679 1672 1719 im-

149 1757 266 1813 perio
289 1769 452 1811 parere.
512 1755 658 1809 itaque
689 1753 921 1808 imperator
953 1750 1098 1805 copias
1129 1748 1254 1789 iussit
1286 1746 1523 1787 admoveri.
1585 1753 1674 1787 crat

150 1830 294 1864 autem
325 1828 425 1863 ante
457 1822 547 1863 eius
580 1819 747 1862 castelli
777 1825 945 1876 portam
976 1816 1109 1858 turris
1142 1831 1196 1857 ex
1226 1815 1305 1855 hae
1335 1815 1515 1855 materia
1545 1815 1672 1855 alter-

150 1892 217 1933 nis
240 1890 437 1944 trabibus
468 1889 730 1931 transvcrsis
761 1887 826 1928 uti
856 1900 965 1943 pyra
995 1886 1107 1925 inter
1137 1898 1183 1924 se
1214 1882 1452 1938 composita
1480 1881 1579 1934 alte,
1611 1883 1674 1922 uti

151 1964 327 2015 possent
348 1957 402 1998 dc
433 1971 597 1998 summo
629 1954 809 1997 sudibus
841 1961 883 1994 et
913 1952 1132 2008 lapidibus
1163 1949 1419 1991 accedentes
1450 1949 1672 2006 repellere.
1699 1964 1735 1992 π·

150 2034 254 2068 tunc
275 2040 377 2066 vero
410 2040 506 2066 cum
536 2022 886 2065 animadversum
917 2028 981 2062 est
1011 2019 1099 2061 alia
1128 2033 1199 2060 eos
1229 2017 1316 2059 tela
1347 2023 1516 2074 praeter
1546 2016 1673 2058 sudes

151 2109 238 2135 non
258 2093 417 2134 habere
438 2107 577 2148 neque
598 2105 725 2148 posse
746 2089 915 2144 longius
946 2103 971 2129 a
1001 2102 1122 2128 muro
1153 2092 1327 2142 propter
1358 2085 1525 2141 pondus
1558 2086 1672 2126 iacu-

149 2161 255 2214 lari,
302 2162 560 2216 imperatum
598 2165 664 2200 est
701 2156 929 2199 fasciculos
970 2171 1024 2197 ex
1063 2156 1200 2210 virgis
1240 2152 1438 2208 alligatos
1479 2160 1520 2194 et
1557 2152 1672 2194 faces

149 2229 351 2270 ardentes
382 2227 439 2268 ad
469 2242 561 2269 eam
592 2226 871 2267 munitionem
902 2223 1156 2265 accedentes
1188 2223 1371 2264 mittere.
1430 2222 1576 2278 itaque
1607 2238 1671 2262 cc-

151 2296 297 2337 leriter
327 2295 486 2336 milites
518 2300 840 2349 congesserunt.
900 2298 1179 2349 posteaquam
1210 2290 1379 2332 flamina
1411 2290 1525 2330 circa
1555 2288 1672 2330 illam

153 2423 243 2464 (post
270 2421 463 2454 lacunaria
495 2422 568 2454 ιΙοο.
603 2431 647 2452 ex
674 2420 744 2460 ca).
787 2417 803 2462 U
842 2420 860 2450 2
888 2429 951 2451 cae
976 2419 1032 2449 H:
1063 2417 1109 2459 he
1137 2417 1163 2448 G
1197 2415 1256 2457 (lc,
1283 2412 1339 2443 ha*
1366 2412 1425 2453 L).
1451 2409 1466 2454 H
1500 2414 1518 2443 3
1545 2410 1671 2453 affrice

154 2480 193 2511 G.
231 2476 246 2520 ΙΙ
284 2479 304 2509 4
336 2487 428 2519 quae
456 2504 463 2511 .
484 2503 516 2512 ..
544 2481 632 2509 nota
664 2478 717 2509 ecl.
759 2474 822 2517 (cf.
855 2487 882 2506 υ.
916 2474 990 2516 12);
1035 2473 1094 2516 qui
1223 2473 1328 2502 notus
1368 2469 1444 2502 GH.
1480 2467 1495 2510 ll
1527 2469 1574 2499 is:
1616 2468 1671 2499 his

154 2535 232 2567 GH.
271 2531 286 2576 Η
325 2535 344 2565 5
374 2533 542 2565 hadriani
573 2534 610 2565 H
641 2531 780 2574 (Lech):
827 2531 970 2563 adriani
1011 2531 1038 2562 G
1075 2528 1146 2570 (lc).
1184 2524 1199 2569 Η
1237 2527 1256 2556 6
1291 2526 1335 2558 ab
1374 2525 1451 2557 suci
1490 2525 1582 2565 (G0):
1625 2525 1670 2555 ab

152 2601 238 2622 suco
268 2590 333 2621 Gll
352 2589 456 2630 (Lle).
488 2587 504 2632 Η
535 2589 636 2621 tenia
661 2593 738 2620 ante
757 2598 846 2620 cor-r.
869 2589 896 2617 (ι’
915 2585 1024 2627 (tinia
1049 2595 1168 2618 errore
1189 2584 1233 2615 GC
1256 2594 1320 2623 pro
1347 2582 1474 2622 tinea).
1507 2580 1521 2623 [3
1553 2585 1572 2611 ὅ
1590 2582 1672 2623 ipsa

153 2647 264 2678 Maru:
307 2646 385 2688 ipse
419 2646 495 2678 GH.
535 2643 550 2688 [Ι
589 2646 629 2676 16
656 2645 834 2687 abiegnas
874 2644 940 2675 GH
976 2643 1038 2680 (L,
1066 2643 1233 2685 abiegnis
1259 2643 1315 2678 elz,
1342 2641 1487 2682 abignis
1513 2642 1532 2676 l,
1558 2642 1621 2671 sed
1643 2641 1671 2671 lc

154 2703 358 2745 abiegnes).
392 2700 408 2745 ΙΙ
447 2702 687 2742 conloquatur
712 2706 789 2733 ante
814 2711 905 2733 corr.
935 2700 972 2732 G.
1007 2698 1020 2741 ΙΙ
1053 2701 1095 2731 20
1120 2699 1322 2732 vocabatur
1348 2698 1449 2728 Plan:
1478 2700 1672 2729 vocaretur

155 2759 230 2792 GH.
265 2756 279 2800 ΙΙ
311 2760 353 2790 23
386 2758 453 2790 hoc
479 2762 556 2789 ante
589 2768 679 2789 corr.
713 2758 750 2789 G.
787 2755 801 2800 Η
834 2759 875 2788 25
902 2760 1052 2798 possent
1083 2757 1184 2789 Lo⁷·.:
1218 2753 1448 2797 poss&(—et
1477 2754 1517 2793 G)
1547 2754 1623 2784 Gll.

156 2815 375 2846 accedentes
403 2815 470 2846 GH
488 2814 582 2855 (Len,
610 2814 856 2846 accendentes
882 2816 893 2845 l
917 2818 950 2845 el
974 2817 1051 2844 ante
1077 2824 1166 2844 eurr.
1194 2824 1220 2848 c,
1250 2809 1488 2842 ascendeutes
1514 2809 1560 2850 le).
1585 2807 1599 2851 Η
1628 2811 1670 2841 28

153 2870 254 2902 faces
281 2871 316 2901 H
349 2869 496 2910 (Gelos-h,
530 2872 653 2903 fasces
690 2871 720 2902 L
752 2875 785 2902 et
815 2875 893 2902 ante
925 2881 1015 2902 cor-r.
1049 2869 1092 2910 l):
1135 2868 1250 2900 facies
1281 2872 1358 2899 ante
1391 2877 1481 2899 corr.
1511 2867 1547 2898 G.
1581 2864 1596 2908 Η
1628 2868 1670 2897 29

155 2925 366 2958 accidentes
391 2932 468 2959 ante
495 2926 589 2968 (ips.)
615 2937 704 2959 corr.
734 2928 770 2957 G.

1700 945 1739 974 10

1702 1282 1740 1312 15

1699 2304 1741 2331 30
