1909 3322
204 622 224 651 5

185 959 226 989 10

183 1296 224 1325 15

184 1633 226 1663 20

256 231 339 272 160
904 239 1115 269 vlrnuvn

250 342 382 384 Pollis
403 342 618 383 Leonidas
642 340 836 383 Silanion
855 340 1095 398 Melampus
1128 340 1340 383 Sarnacus
1371 340 1641 397 Euphranor.
1682 355 1765 381 non

249 413 390 452 minus
423 411 476 450 de
506 408 912 462 machinationibus7
943 410 1007 449 uti
1037 408 1201 450 Diades
1232 407 1450 464 Archytas
1481 408 1764 449 Archimedes

252 477 467 519 Ctesibios
500 476 835 533 Nymphodorus
866 475 990 517 Philo
1021 475 1260 532 Byzantius
1299 475 1501 531 Diphilos
1538 475 1766 516 Democles

251 544 462 585 Charidas
500 540 706 601 Polyidos
753 544 912 600 Pyrros
950 543 1262 597 Agesistratos.
1329 557 1508 598 quorum
1554 557 1609 583 ex
1654 557 1765 584 com-

249 611 471 654 mentariis
505 626 615 668 quae
644 610 767 653 utilia
799 625 892 652 esse
922 611 989 651 his
1021 610 1149 651 rebus
1179 609 1483 663 animadverti,
1515 609 1693 651 collecta
1722 610 1767 651 in

247 695 380 721 unum
413 681 533 734 coegi
565 693 733 736 corpus,
766 686 807 719 ct
837 678 933 719 ideo
963 679 1151 718 maxime
1182 678 1296 734 quod
1326 677 1614 718 animadverti
1644 678 1688 717 in
1720 691 1768 718 ea

249 763 295 788 re
325 747 380 788 ab
406 746 584 789 Graecis
617 746 837 788 volumina
867 746 990 802 plura
1021 746 1152 798 edita,
1184 745 1238 789 ab
1259 745 1418 786 nostris
1451 745 1608 801 oppido
1640 760 1766 800 quam

251 830 401 871 pauca.
440 814 631 855 Fuficius
655 815 769 855 enim
799 815 955 854 mirum
987 813 1040 853 de
1071 813 1138 854 his
1170 813 1297 854 rebus
1329 814 1373 853 ni
1394 814 1558 868 primus
1580 813 1768 853 instituit

252 882 379 923 edere
416 881 637 935 volumen,
677 882 779 922 item
811 881 1038 922 Terentius
1071 880 1209 921 Varro
1248 880 1301 920 de
1337 895 1493 921 novem
1525 879 1767 935 disciplinis

250 965 381 991 unum
406 949 459 989 de
489 948 789 1000 architectura,
822 947 1001 988 Publius
1025 948 1259 1004 Septimius
1292 948 1390 989 duo.
1449 947 1633 1003 amplius
1665 961 1767 988 vero

250 1018 293 1057 in
326 1017 371 1057 id
401 1031 536 1072 genus
568 1017 805 1071 scripturae
834 1015 974 1056 adhuc
1005 1030 1128 1056 nemo
1160 1015 1408 1056 incubuisse
1438 1014 1633 1069 videtur,
1672 1030 1767 1056 cum

250 1085 433 1125 fuissent
456 1090 496 1124 et
517 1084 684 1138 antiqui
715 1084 832 1123 cives
863 1084 1008 1138 magni
1038 1082 1276 1135 architecti,
1309 1083 1381 1138 qui
1412 1084 1654 1138 potuissent
1683 1097 1767 1123 non

250 1152 390 1192 minus
430 1150 648 1205 eleganter
686 1151 845 1206 scripta
885 1165 1145 1206 comparare.
1212 1164 1396 1205 namque
1426 1150 1610 1190 Athenis
1643 1150 1766 1191 Anti-

250 1226 382 1260 states
422 1225 463 1259 et
495 1217 790 1259 Callaeschros
828 1224 869 1258 et
899 1217 1227 1258 Antimachides
1267 1224 1307 1258 et
1338 1218 1513 1258 Pormos
1543 1217 1769 1258 architecti

250 1287 477 1327 Pisistrato
514 1286 664 1326 aedem
703 1286 799 1327 Iovi
838 1284 1041 1341 Olympio
1079 1285 1256 1326 facienti
1293 1285 1572 1326 fundamenta
1610 1285 1766 1326 consti-

250 1360 443 1406 tuerunt,
490 1360 586 1410 post
634 1359 814 1393 mortem
854 1360 996 1393 autem
1035 1353 1125 1393 eius
1163 1359 1338 1409 propter
1377 1351 1767 1408 interpellationem

250 1420 514 1477 reipublicae
554 1422 725 1476 incepta
763 1419 1041 1475 reliquerunt.
1109 1421 1254 1476 itaque
1294 1421 1464 1460 circiter
1500 1421 1624 1461 annis
1665 1435 1766 1475 qua-

251 1489 490 1543 dringentis
536 1494 631 1544 post
669 1487 910 1528 Antiochus
954 1502 1032 1527 rex
1081 1502 1175 1528 cum
1220 1488 1265 1527 in
1309 1488 1354 1528 id
1400 1503 1504 1542 opus
1544 1489 1768 1543 inpensam

253 1562 365 1596 esset
404 1555 651 1611 pollicitus,
693 1554 824 1595 cellae
862 1554 1204 1609 magnitudinem
1243 1561 1283 1595 et
1324 1554 1617 1596 columnarum
1655 1556 1765 1595 circa

253 1624 452 1679 dipteron
491 1622 828 1664 conlocationem
870 1621 1255 1677 epistyliorumque
1294 1629 1336 1664 et
1374 1628 1612 1663 ceterorum
1643 1637 1765 1664 orna—

252 1699 490 1731 mentorum
540 1691 596 1731 ad
642 1690 937 1745 symmetriam
982 1689 1331 1730 distributionem
1375 1704 1532 1744 magna
1577 1689 1768 1731 sollertia

253 1759 518 1813 scientiaque
564 1772 729 1799 summa
775 1758 883 1797 civis
929 1757 1147 1797 Romanus
1187 1756 1409 1798 Cossutius
1455 1756 1659 1798 nobiliter
1703 1764 1767 1798 est

251 1825 570 1866 architectatus.
631 1824 675 1864 id
706 1830 849 1865 autem
881 1839 985 1879 opus
1015 1839 1100 1865 non
1130 1824 1256 1865 modo
1288 1823 1417 1878 vulgo
1450 1823 1525 1865 sed
1564 1825 1691 1865 etiam
1722 1825 1766 1864 in

252 1894 399 1949 paucis
438 1908 463 1933 a
500 1892 821 1947 magnificentia
851 1892 1108 1933 nominatur.
1174 1907 1273 1932 nam
1305 1898 1504 1947 quattuor
1534 1890 1637 1933 locis
1669 1898 1766 1933 sunt

344 2089 360 2117 1
386 2085 552 2118 leonidas
580 2086 622 2116 G:
657 2084 819 2116 leonides
844 2085 881 2115 Η
908 2084 1009 2124 (Lle).
1042 2082 1056 2125 Η
1092 2086 1111 2115 2
1137 2085 1191 2115 uti
1216 2084 1343 2116 diades
1367 2085 1407 2115 H
1430 2084 1469 2124 (l,
1496 2085 1549 2115 uti
1573 2085 1689 2116 diadis
1715 2086 1764 2119 eh.

253 2146 292 2172 ut
316 2142 456 2173 idiades
484 2140 540 2182 L),
568 2140 742 2172 utidiates
771 2141 808 2173 G.
840 2138 854 2181 Η
886 2141 1047 2171 architas
1075 2140 1111 2178 G,
1139 2140 1356 2180 arcychytas
1382 2144 1459 2171 ante
1489 2151 1558 2171 ras.
1585 2141 1631 2171 H.
1662 2139 1676 2182 Η
1710 2150 1765 2171 ar-

254 2197 445 2238 ehymedes
471 2198 507 2227 Il
533 2196 774 2236 (archimedes
799 2196 892 2235 Llc):
919 2195 1145 2227 archimedas
1174 2196 1211 2227 G.
1237 2194 1252 2238 Η
1279 2198 1298 2228 3
1325 2196 1508 2227 Ctesibios
1525 2197 1614 2229 ζΙοο.;
1644 2200 1679 2227 et
1696 2197 1766 2228 esi-

252 2254 333 2286 11105
361 2253 398 2290 G,
425 2252 592 2284 &esibios
618 2253 657 2283 H
680 2252 793 2293 (Lech,
820 2251 1010 2283 &eusibios
1035 2263 1062 2289 e,
1087 2252 1247 2283 iesibios
1273 2252 1308 2292 l).
1340 2249 1355 2294 Η
1385 2252 1693 2294 phylobyzanteos
1717 2253 1764 2289 H,

253 2310 482 2351 philobizant
512 2320 572 2340 eos
607 2310 644 2340 G.
682 2306 696 2350 Η
737 2308 904 2349 diphylos
935 2309 982 2339 ll.
1016 2305 1030 2350 Η
1065 2307 1247 2339 democles
1272 2308 1312 2338 II
1341 2306 1449 2347 (Lle):
1487 2307 1654 2340 demodes
1682 2308 1718 2340 G.
1747 2305 1761 2348 1

252 2368 273 2396 4
300 2365 486 2397 eharidas:
517 2366 566 2396 sie
594 2365 661 2396 GH
690 2364 797 2404 (infra
824 2365 866 2402 X,
893 2367 948 2404 13,
977 2367 998 2395 3
1031 2365 1149 2395 carias
1177 2361 1269 2405 GH).
1296 2361 1313 2405 Η
1343 2363 1499 2405 Pyrrhos
1522 2364 1637 2396 Voss.:
1669 2364 1764 2405 phir-

254 2432 310 2452 ros
339 2422 376 2462 G,
403 2421 553 2462 phyrros
578 2421 616 2451 ll
641 2420 742 2459 (Ale).
776 2418 791 2462 Η
825 2421 1068 2461 agesistratas
1097 2421 1171 2451 GH.
1204 2417 1218 2461 Η
1251 2422 1270 2450 5
1296 2419 1765 2451 collecta—animadverti

258 2478 300 2508 (1¹2
327 2488 388 2510 om.
414 2478 454 2507 H
477 2475 553 2517 (Llc
581 2474 661 2519 [f]).
685 2474 698 2517 Η
722 2478 741 2507 S
767 2476 929 2507 fuficius:
955 2478 1003 2508 sie
1032 2476 1107 2510 GH,
1142 2473 1156 2517 Η
1188 2476 1225 2506 111
1250 2476 1383 2517 primus
1410 2486 1486 2517 ³90²
1514 2476 1688 2517 inprimus
1705 2474 1707 2516 1
1727 2477 1764 2513 G,

255 2535 389 2575 primus
415 2534 455 2563 II
477 2531 579 2573 (Mc).
607 2536 706 2563 [uztea
731 2533 779 2562 si(-
803 2534 1023 2573 wrip-seram:
1051 2531 1210 2562 Fuficius
1237 2532 1403 2562 nimirum
1428 2530 1471 2562 de
1497 2531 1552 2562 his
1570 2531 1677 2562 rebus
1695 2531 1762 2572 pri-

255 2600 331 2621 mus
460 2586 476 2630 Η
506 2590 525 2620 9
552 2588 747 2619 torrentius
776 2590 811 2621 G.
845 2585 859 2629 Η
894 2590 932 2620 10
958 2589 996 2619 Ρ.
1025 2588 1219 2629 Septimius
1251 2589 1323 2619 ed.:
1362 2587 1524 2628 septimis
1551 2585 1635 2628 (sine
1660 2586 1695 2628 p)
1724 2587 1760 2625 G,

255 2645 467 2687 pseptimius
495 2645 528 2675 ll
546 2643 648 2684 (lde).
671 2642 684 2685 Η
710 2645 750 2674 14
777 2643 1023 2684 ealle]‹·heros
1051 2645 1088 2683 G,
1117 2643 1359 2675 callescheros
1383 2644 1422 2673 H
1446 2643 1549 2684 (Llc).
1578 2640 1592 2684 Η
1622 2652 1764 2684 pormos

255 2702 291 2731 Jl
319 2700 429 2741 (Llc),
462 2700 606 2742 porinos
639 2700 675 2732 G.
709 2697 724 2741 Η
758 2700 797 2730 15
829 2699 1016 2741 oly(i)mpo
1049 2700 1108 2731 [elz.
1147 2697 1161 2741 Η
1202 2701 1239 2731 17
1267 2700 1343 2740 regi
1375 2699 1520 2740 publice
1548 2699 1587 2728 ΙῘ
1616 2698 1662 2737 (et
1687 2703 1764 2729 mele

256 2768 344 2789 marr.
371 2759 397 2796 l,
424 2768 488 2788 non
519 2755 562 2796 e).
595 2753 609 2797 Η
642 2755 916 2796 quadringentis
952 2756 1098 2788 Meurs.:
1130 2754 1294 2786 ducentis
1323 2755 1398 2786 GH.
1434 2751 1450 2796 Η
1482 2755 1521 2785 18
1547 2752 1763 2795 11111111ζο0115

256 2813 302 2844 ΙΙ.
342 2810 356 2854 Η
395 2813 584 2854 impinsam
617 2815 693 2842 ante
723 2822 813 2842 corr.
856 2812 903 2847 ll,
944 2813 1142 2853 impensam
1178 2810 1262 2841 HcG
1301 2809 1507 2851 (inpensam
1544 2810 1592 2847 L,
1631 2810 1762 2840 inmen-

257 2878 332 2898 sam
363 2868 417 2909 le).
454 2866 469 2910 Η
502 2870 549 2901 “23
583 2867 782 2900 architatus
817 2868 853 2898 G.
891 2864 906 2910 Η
945 2867 1050 2909 volgo
1082 2868 1119 2898 H
1155 2865 1296 2909 (volgus
1331 2871 1408 2898 aule
1445 2876 1533 2897 corr.
1571 2865 1618 2905 L,
1656 2864 1762 2906 vulgo

256 2924 354 2956 va
369 2924 453 2966 mc).

1797 957 1835 986 15

1793 1899 1833 1929 16
