1899 3322
92 621 133 652 14

94 1499 135 1530 15

596 235 659 264 DE
691 234 1047 264 ARCHITECTURA
1078 234 1168 263 Lm.
1202 234 1249 262 11.
1625 220 1677 260 Μ

156 341 213 380 ad
244 339 444 379 dextram
474 343 639 394 partem
670 336 810 377 forum
842 342 883 376 ct
912 342 1061 391 portus
1093 335 1395 390 moeniumque
1415 339 1506 374 tota
1526 333 1680 385 finitio,

157 406 238 448 sub
277 406 498 447 sinistram
537 410 727 445 secretus
768 402 849 444 sub
888 402 1116 443 moenibus
1163 401 1300 443 latens
1349 407 1497 458 portus
1537 400 1597 441 ita
1634 405 1682 439 ut

157 488 281 515 nemo
320 474 458 530 possit
496 471 601 528 quid
631 473 676 513 in
707 485 755 513 eo
793 476 969 525 geratur
1004 470 1197 525 aspicere
1234 484 1313 510 nec
1350 469 1481 523 scire,
1519 474 1567 509 ut
1603 482 1682 508 rex

159 543 252 598 ipse
290 540 343 582 de
382 555 458 582 sua
496 540 621 580 domo
659 537 896 593 remigibus
935 544 976 578 et
1013 536 1223 577 militibus
1264 537 1355 577 sine
1392 535 1478 577 ullo
1519 537 1683 577 sciente

158 624 269 665 quae
306 623 412 665 opus
452 614 595 648 essent
641 608 887 662 imperaret.
956 606 1101 660 itaque
1145 610 1243 660 post
1280 610 1461 644 mortem
1498 602 1684 644 Mausoli

157 677 397 718 Artemisia
426 689 561 716 uxore
592 675 682 716 cius
714 678 923 728 regnante
952 671 1116 713 Rhodii
1154 670 1430 726 indignantes
1461 669 1683 711 mulierem

157 745 370 801 imperare
400 743 654 784 civitatibus
678 742 831 783 Cariae
858 740 1005 793 totius,
1037 745 1202 780 armata
1226 737 1361 779 classe
1382 738 1565 793 profecti
1586 744 1686 779 sunt

157 814 222 854 uti
260 811 308 853 id
345 825 528 866 regnum
575 814 847 866 occuparent.
915 814 1006 848 tum
1047 806 1310 848 Artemisiae
1356 820 1452 846 cum
1491 812 1602 846 essct
1640 804 1684 846 id

157 880 468 932 renuntiatum,
500 878 546 918 in
575 892 623 919 eo
652 883 780 934 portu
807 876 1050 917 abstrusam
1074 874 1253 915 classem
1276 872 1425 914 celatis
1446 872 1684 927 remigibus

160 955 202 990 et
241 947 426 1004 epibatis
467 946 749 1002 comparatis,
786 943 975 999 reliquos
1014 949 1159 984 autem
1198 942 1315 982 cives
1357 941 1401 981 in
1440 955 1560 981 muro
1593 953 1686 981 esse

159 1017 299 1057 iussit.
362 1029 459 1056 cum
487 1020 631 1055 autem
662 1011 823 1053 Rhodii
855 1017 1005 1053 ornata
1035 1009 1172 1051 classe
1202 1010 1245 1050 in
1277 1014 1447 1065 portum
1480 1008 1685 1049 maiorem

160 1084 488 1140 exposuissent,
527 1079 726 1136 plausum
764 1080 892 1121 iussit
929 1079 985 1120 ab
1016 1092 1137 1118 muro
1169 1077 1236 1118 his
1269 1077 1371 1116 darc
1402 1074 1686 1132 pollicerique

160 1166 205 1192 se
236 1149 445 1207 oppidum
474 1149 725 1190 tradituros.
787 1148 860 1203 qui
888 1162 984 1187 cum
1014 1145 1362 1202 penetravissent
1384 1144 1496 1184 intra
1519 1157 1686 1184 murum

157 1218 323 1259 relictis
362 1216 549 1258 navibus
587 1215 809 1269 inanibus,
848 1214 1085 1255 Artemisia
1124 1218 1301 1269 repente
1341 1211 1458 1252 fossa
1497 1210 1612 1252 facta
1642 1211 1686 1250 in

158 1286 338 1343 pelagus
379 1285 532 1326 eduxit
571 1283 753 1325 classem
792 1297 846 1324 ex
883 1288 1010 1338 portu
1049 1281 1215 1322 minore
1254 1286 1295 1321 ct
1325 1280 1386 1320 ita
1416 1280 1592 1319 invecta
1623 1283 1687 1318 est

158 1356 205 1396 in
242 1355 462 1395 maiorem.
524 1352 734 1408 expositis
773 1356 917 1392 autem
953 1349 1165 1390 militibus
1205 1346 1387 1389 classem
1417 1346 1686 1388 Rhodiorum

157 1423 332 1464 inanem
361 1420 546 1462 abduxit
583 1421 629 1461 in
658 1418 806 1460 altum.
866 1419 928 1460 ita
958 1417 1120 1466 Rhodii
1156 1431 1242 1457 non
1279 1413 1489 1456 habentes
1528 1429 1610 1470 quo
1642 1428 1688 1454 se

160 1490 416 1546 reciperent,
448 1489 495 1529 in
523 1488 666 1528 medio
699 1486 889 1528 conclusi
919 1487 965 1527 in
995 1486 1090 1542 ipso
1121 1483 1213 1526 foro
1236 1489 1335 1524 sunt
1356 1481 1576 1523 trucidati.
1627 1482 1688 1522 ita

159 1557 395 1599 Artemisia
425 1557 470 1598 in
499 1555 686 1597 navibus
716 1554 984 1596 Rhodiorum
1016 1553 1104 1594 suis
1135 1550 1347 1592 militibus
1380 1557 1421 1592 et
1450 1548 1687 1603 remigibus

159 1625 361 1681 inpositis
383 1623 585 1665 Rhodum
609 1630 672 1664 est
694 1622 900 1679 profecta.
951 1620 1114 1663 Rhodii
1144 1626 1287 1661 autem
1319 1633 1413 1659 cum
1438 1616 1687 1674 prospexis-

162 1699 257 1735 sent
295 1707 394 1733 suas
432 1706 567 1733 naves
608 1690 821 1732 laureatas
861 1690 1033 1742 venire7
1075 1688 1301 1744 opinantes
1342 1686 1459 1726 cives
1498 1686 1686 1726 victores

160 1761 324 1802 reverti
354 1760 498 1802 hostes
529 1765 798 1815 receperunt.
849 1764 941 1799 tum
964 1756 1202 1797 Artemisia
1232 1753 1385 1796 Rhodo
1415 1759 1540 1809 capta
1571 1752 1685 1807 prin-

163 1828 333 1885 cipibus
365 1828 519 1869 occisis
558 1833 782 1883 tropaeum
820 1826 866 1866 in
895 1823 1003 1865 urbe
1034 1822 1187 1865 Rhodo
1220 1836 1321 1863 suae
1353 1821 1561 1861 victoriae
1592 1833 1687 1860 con-

162 1897 304 1938 stituit
334 1910 575 1951 aeneasque
608 1895 714 1936 duas
746 1899 910 1935 statuas
942 1892 1046 1933 fecit
1074 1905 1205 1932 unam
1236 1888 1505 1930 Rhodiorum
1535 1887 1685 1928 civita-

160 1965 217 2006 tis
262 1964 442 2005 alteram
491 1977 593 2004 suae
641 1962 866 2016 imaginis,
918 1966 959 2001 ct
1004 1960 1132 2001 istam
1175 1957 1381 2013 figuravit
1418 1955 1687 1997 Rhodiorum

255 2150 272 2179 1
299 2150 424 2189 portus
450 2147 504 2178 ch
530 2144 640 2187 (Llc):
667 2148 809 2187 portum
838 2145 865 2177 G
889 2148 920 2176 et
945 2148 1024 2175 ante
1049 2154 1138 2175 corr.
1164 2142 1213 2176 H.
1243 2140 1258 2184 Η
1286 2143 1305 2173 2
1332 2143 1514 2173 secretus:
1542 2137 1684 2171 s&r&us

163 2204 212 2238 Η.
245 2202 260 2247 Η
290 2203 479 2236 moenibus
507 2201 608 2242 (ree.)
634 2202 720 2233 Ross
753 2199 889 2241 (Rez'sen
916 2200 984 2239 IV,
1012 2202 1066 2231 36.
1092 2199 1136 2240 ef.
1158 2199 1298 2230 Newton
1322 2197 1526 2229 ‹liseoverz'es
1551 2200 1585 2226 at
1610 2195 1687 2226 Ha-

163 2262 216 2293 lie.
246 2260 297 2297 II,
324 2259 423 2300 267):
452 2258 633 2290 montibus
661 2258 738 2291 GH.
770 2254 784 2299 Η
817 2260 836 2289 3
862 2257 979 2298 possit
1002 2257 1094 2288 .loe.:
1129 2258 1254 2297 posset
1281 2255 1357 2285 GH.
1392 2250 1406 2295 Η
1445 2254 1464 2284 5
1491 2253 1689 2293 imperaret

165 2317 239 2348 ι100.
268 2314 387 2356 (rec.):
422 2315 607 2357 spirarent
633 2314 699 2345 GH
725 2311 818 2353 (LIc,
847 2313 1001 2355 spiraret
1027 2310 1149 2351 GsLs).
1181 2308 1196 2354 Η
1228 2309 1407 2342 mannsoli
1432 2309 1484 2340 hic
1508 2310 1597 2340 solus
1621 2309 1641 2338 Ι.
1682 2306 1684 2347 l

165 2373 185 2403 6
211 2372 436 2403 artemisiam
463 2372 571 2403 uxore
597 2370 676 2402 eius
702 2371 915 2411 regnantem
941 2367 1036 2409 (—t·:=
1064 2367 1168 2408 GLIe)
1191 2368 1257 2398 GH
1283 2367 1386 2407 (eor-r.
1414 2366 1466 2397 ed.
1493 2369 1525 2395 et
1548 2362 1647 2403 recu).
1670 2363 1684 2404 ¹l

165 2430 186 2461 8
211 2432 285 2460 tum
318 2428 357 2459 II
387 2426 500 2469 (Llc):
538 2429 625 2458 tunc
658 2426 695 2460 G.
729 2424 744 2469 Η
776 2428 795 2457 9
827 2428 933 2467 portu
960 2425 1025 2457 GH
1052 2423 1155 2466 (mae,
1181 2424 1286 2466 portsi
1313 2425 1338 2459 I,
1374 2422 1476 2464 porta
1506 2431 1523 2451 e
1553 2425 1586 2451 et
1609 2423 1688 2450 ante

165 2495 255 2518 corr.
282 2485 330 2524 le).
363 2482 378 2526 Η
412 2485 452 2516 10
476 2483 631 2525 cpipatis
660 2482 697 2514 G.
731 2480 746 2524 Η
789 2483 826 2513 11
853 2481 973 2513 hrodii
998 2485 1077 2513 ante
1101 2491 1193 2513 corr.
1221 2480 1259 2512 G.
1298 2477 1314 2522 Η
1352 2481 1482 2511 ornata
1507 2476 1625 2507 classe
1650 2475 1688 2506 ΙΙ

168 2541 275 2581 (Llc):
304 2542 469 2571 ornatam
497 2538 651 2571 classem
679 2538 716 2573 G.
747 2536 761 2580 Η
791 2540 830 2569 12
858 2538 903 2569 ab
932 2538 997 2569 GH
1023 2537 1080 2577 (L,
1108 2548 1151 2569 ex
1177 2536 1234 2578 Ic).
1266 2534 1281 2578 Η
1313 2536 1399 2567 dare
1428 2534 1471 2566 G:
1498 2532 1626 2563 darent
1651 2531 1689 2562 ΙΙ

169 2596 274 2638 (Llc).
307 2594 322 2638 Η
356 2597 396 2627 14
422 2595 591 2627 inanibus
618 2595 656 2625 ΙΙ
682 2594 792 2634 (Lle):
821 2605 880 2627 om.
910 2594 937 2625 G
955 2592 1032 2634 (sed
1050 2595 1094 2625 (Jc
1119 2594 1199 2626 add.
1226 2595 1313 2624 inter
1337 2591 1422 2632 lin.).
1451 2587 1467 2632 Η
1499 2587 1688 2620 atcrmisia

169 2654 216 2687 H.
242 2651 256 2695 Η
280 2654 320 2684 15
346 2652 496 2694 pelagus
521 2652 570 2683 L:
596 2661 724 2693 —gum
753 2650 858 2691 (--gi”1
888 2649 928 2691 G)
958 2649 1108 2691 GH(Ic·).
1131 2648 1146 2691 Η
1172 2651 1212 2681 16
1237 2648 1414 2680 militibus
1441 2645 1594 2677 classem
1622 2642 1686 2673 GH

171 2708 291 2749 ([101ιο,
327 2708 484 2740 classem
509 2707 684 2739 militibus
709 2709 720 2737 I
744 2712 775 2738 et
801 2710 878 2738 ante
904 2716 993 2738 corr.
1026 2706 1063 2745 lt,
1095 2716 1161 2737 non
1187 2703 1232 2747 c).
1266 2703 1280 2746 Η
1317 2705 1355 2735 19
1382 2702 1585 2734 rhodiorum
1612 2699 1687 2730 suis

173 2765 238 2795 GH
264 2764 391 2804 (Lea-lac,
417 2764 492 2796 suis
518 2763 724 2795 rhodiorum
749 2768 827 2794 ante
851 2773 941 2796 corr.
967 2761 1014 2803 Ιι).
1046 2760 1061 2804 Η
1092 2763 1136 2793 ‘20
1161 2760 1331 2802 inpositis
1359 2759 1424 2789 GH
1441 2756 1558 2798 (helec,
1585 2757 1686 2797 inpo-

171 2822 244 2852 suit
267 2823 278 2852 l
301 2824 334 2852 et
359 2825 437 2853 ante
462 2830 552 2852 corr.
580 2819 627 2861 Ιι).
659 2817 673 2862 Η
705 2820 746 2851 22
772 2823 846 2850 tum
872 2819 909 2849 H
927 2817 1038 2860 (l1le):
1065 2822 1152 2849 tunc
1179 2817 1215 2847 (ι’.
1244 2814 1259 2858 Η
1287 2817 1516 2855 23·ῑι·ορριιῃι
1537 2811 1604 2843 GH
1630 2810 1686 2852 (L,

169 2877 358 2918 tropheum
376 2878 417 2910 Ic.
438 2874 454 2919 Η
476 2877 513 2908 in
530 2875 656 2908 urbem
675 2874 777 2916 (—b‹‘·
804 2874 911 2917 GLIe)
935 2873 1046 2906 rhodo
1074 2873 1139 2905 GH
1164 2872 1268 2912 (corr.
1290 2870 1370 2910 θῶ).
1392 2867 1408 2911 Η
1435 2870 1478 2900 25
1511 2869 1618 2899 istam
1641 2865 1686 2906 (2³)

170 2933 260 2966 docnt
289 2933 342 2964 ita
369 2932 444 2963 Gll.

1360 2979 1418 3019 4³³

1708 608 1727 637 ιἿ

1712 946 1754 976 10
