1909 3322
164 207 217 248 86
815 214 1024 244 VITRUVII

278 319 387 359 ltem
426 323 574 373 postea
612 316 779 367 Dianae
817 317 1077 357 constituere
1113 317 1264 358 aedem
1295 323 1546 373 quaerentes
1577 318 1681 360 novi
1707 329 1725 360 7

164 386 334 440 generis
366 384 531 440 specie,
576 383 715 424 isdem
758 384 958 438 vestigiis
994 384 1051 424 ad
1088 384 1342 426 muliebrem
1372 384 1683 427 transtulerunt

163 452 469 507 gracilitatem,
504 456 544 491 ct
565 451 760 492 fecerunt
790 451 974 506 primum
1006 450 1229 493 columnae
1260 450 1593 493 crassitudinem
1622 453 1681 493 al-

164 519 363 560 titudinis
387 525 540 559 octava
570 524 713 574 parte,
745 524 792 559 ut
822 517 1001 559 haberet
1033 520 1222 574 speciem
1254 518 1547 560 excelsiorem.
1589 520 1684 561 basi

165 588 324 643 spiram
346 592 661 643 supposuerunt
692 600 768 641 pro
800 585 962 640 calceo,
995 586 1181 642 capitulo
1213 585 1382 627 volutas
1413 588 1478 628 uti
1509 587 1683 644 capilla-

164 660 308 694 mento
331 653 620 709 concrispatos
644 653 864 694 cincinnos
887 654 1226 710 praependentes
1250 654 1403 695 dextra
1429 669 1479 695 ac
1509 655 1686 696 sinistra

166 721 497 763 conlocaverunt
529 726 570 761 et
601 721 800 777 cymatiis
833 727 874 761 et
906 721 1100 777 encarpis
1131 736 1208 777 pro
1240 722 1429 763 crinibus
1462 721 1684 778 dispositis

166 790 328 830 frontes
368 794 631 830 ornaverunt
669 794 904 844 truncoque
942 794 1030 829 toto
1069 789 1195 829 strias
1226 789 1291 830 uti
1321 789 1527 831 stolarum
1556 804 1685 845 rugas

165 855 393 898 matronali
429 870 547 896 more
585 855 862 896 demiserunt.
937 856 998 896 ita
1042 855 1209 897 duobus
1255 855 1577 898 discriminibus
1617 872 1684 898 co-

102 933 141 963 10
166 924 408 965 lumnarum
430 923 744 975 inventionem,
776 938 907 963 unam
930 922 1046 964 virili
1077 923 1169 963 sine
1200 929 1353 964 ornatu
1382 923 1498 965 nuda
1527 926 1684 981 specie,

167 990 344 1031 alteram
387 989 588 1030 muliebri
635 989 874 1031 subtilitate
920 997 960 1032 et
1008 996 1160 1031 ornatu
1206 992 1541 1047 symmetriaque
1587 998 1687 1033 sunt

168 1059 363 1099 mutuati.
437 1058 597 1113 posteri
645 1072 746 1099 vero
801 1056 1014 1112 elegantia
1058 1057 1384 1114 subtilitateque
1429 1059 1687 1101 iudiciorum
1711 1073 1731 1103 8

168 1126 386 1181 progressi
424 1130 464 1165 et
502 1124 803 1179 gracilioribus
835 1125 1021 1166 modulis
1054 1124 1257 1168 delectati
1289 1133 1454 1182 septem
1485 1128 1685 1169 crassitu-

168 1192 282 1233 dinis
326 1192 557 1233 diametros
604 1193 649 1232 in
693 1191 968 1233 altitudinem
1015 1191 1235 1234 columnae
1281 1194 1473 1247 doricae,
1520 1195 1688 1236 ionicae

103 1269 142 1299 15
166 1274 322 1301 novem
354 1259 679 1300 constituerunt.
748 1259 793 1299 id
823 1265 965 1300 autem
995 1274 1152 1314 genus,
1193 1261 1306 1316 quod
1337 1261 1462 1302 Iones
1494 1261 1689 1304 fecerunt

168 1328 327 1382 primo,
361 1326 555 1367 Ionicum
587 1333 651 1368 cst
682 1327 961 1368 nominatum.

281 1393 475 1434 Tertium
498 1409 618 1448 vero,
652 1394 765 1450 quod
787 1394 1058 1435 Corinthium
1087 1395 1264 1448 dicitur,
1298 1396 1525 1451 virginalis
1556 1396 1688 1439 habet

169 1461 426 1515 gracilitatis
466 1461 770 1514 imitationem,
810 1461 923 1517 quod
955 1462 1146 1516 virgines
1178 1469 1352 1519 propter
1382 1465 1538 1505 aetatis
1570 1471 1686 1505 tene-

169 1530 340 1569 ritatem
378 1528 679 1583 gracilioribus
719 1529 919 1570 membris
952 1529 1161 1584 figuratae
1193 1530 1368 1571 effectus
1399 1532 1613 1588 recipiunt
1644 1534 1689 1573 in

103 1604 145 1634 ‘20
170 1602 323 1637 ornatu
360 1597 640 1636 venustiores.
709 1597 798 1637 eius
837 1603 981 1637 autem
1018 1596 1195 1653 capituli
1233 1598 1371 1653 prima
1401 1599 1594 1640 inventio
1627 1601 1688 1640 sic
1713 1613 1732 1643 9
1764 1599 1768 1604 ’

170 1670 429 1704 memoratur
474 1677 567 1704 esse
611 1662 737 1703 sacta.
798 1665 922 1718 virgo
969 1665 1076 1704 civis
1123 1664 1349 1706 Corinthia
1393 1666 1476 1706 iam
1522 1673 1689 1708 matura

170 1731 333 1785 nuptiis
356 1729 562 1786 inplicata
594 1731 740 1772 morbo
772 1731 972 1772 decessit.
1032 1738 1129 1787 post
1161 1731 1424 1788 sepulturam
1457 1734 1562 1787 cius,
1595 1735 1687 1790 qui-

170 1797 249 1838 bus
292 1812 340 1837 ea
380 1798 502 1852 virgo
542 1797 644 1838 viva
681 1797 917 1854 proclivius
958 1798 1274 1853 delectabatur,
1323 1801 1472 1841 nutrix
1510 1800 1689 1842 collecta

172 1870 213 1904 ct
235 1865 470 1919 composita
491 1865 534 1904 in
557 1865 722 1906 calatho
745 1866 921 1921 pertulit
941 1866 997 1907 ad
1025 1873 1345 1908 monumentum
1378 1874 1418 1908 et
1450 1869 1494 1908 in
1524 1884 1688 1910 summo

104 1941 147 1971 25
173 1930 413 1972 conlocavit
452 1938 512 1983 ct,
551 1933 615 1972 uti
654 1947 702 1973 ca
741 1940 1039 1988 permanerent
1079 1933 1239 1974 diutius
1280 1938 1360 1975 sub
1400 1935 1496 1989 diu,
1544 1936 1690 1991 tegula

171 1998 296 2038 texit.
356 1998 392 2037 is
415 1998 608 2038 calathus
633 1999 808 2040 fortuito
841 2014 968 2055 supra
998 2000 1169 2040 acanthi
1200 2000 1389 2042 radicem
1420 2002 1559 2043 fuerat
1590 2018 1687 2044 con-

172 2063 350 2104 locatus.
419 2065 591 2104 interim
629 2066 817 2121 pondere
854 2081 1003 2122 pressa
1040 2066 1166 2107 radix
1203 2069 1375 2109 acanthi
1413 2069 1554 2110 media
1585 2070 1689 2110 folia

174 2138 215 2171 et
237 2130 467 2172 cauliculos
490 2133 649 2173 circum
681 2147 860 2174 vernum
891 2140 1057 2189 tempus
1090 2134 1304 2189 profudit,
1338 2137 1457 2176 cuius
1489 2137 1689 2179 cauliculi

174 2198 409 2238 secundum
456 2198 613 2240 calathi
657 2200 787 2241 latera
835 2208 1074 2242 crescentes
1121 2208 1161 2242 et
1206 2201 1260 2242 ab
1304 2203 1474 2258 angulis
1519 2205 1688 2259 tegulae

107 2277 150 2307 30
174 2264 375 2320 ponderis
398 2267 653 2308 necessitate
675 2269 868 2323 expressi
899 2268 1084 2309 flexuras
1117 2270 1161 2309 in
1192 2275 1407 2312 extremas
1439 2264 1581 2327 partes
1614 2288 1687 2314 vo-

119 597 138 626 Ul

266 2428 282 2455 1
309 2426 393 2457 novi
419 2425 563 2467 generis
588 2427 711 2467 specie
737 2437 814 2468 eqo:
842 2438 875 2461 n.
895 2438 927 2469 g.
947 2428 1105 2469 speciem
1133 2429 1208 2460 GH.
1241 2426 1256 2470 Η
1287 2431 1306 2461 3
1326 2428 1533 2463 altitudinis
1553 2433 1597 2465 G:
1625 2444 1686 2467 om,

177 2480 213 2510 Il
244 2479 349 2521 (Llc).
381 2479 396 2522 Η
434 2482 453 2512 8
485 2482 593 2512 strias
628 2482 669 2512 G:
704 2482 827 2513 istrias
852 2484 889 2513 Il
921 2483 980 2523 (le,
1006 2484 1157 2515 histrias
1190 2484 1244 2523 L).
1279 2482 1293 2526 Η
1326 2495 1434 2526 rugus
1463 2487 1506 2518 ll.
1535 2485 1549 2529 Η
1581 2489 1600 2519 9
1627 2489 1687 2520 de-

177 2536 349 2567 miserunt
376 2536 469 2578 (G⁶):
496 2536 708 2569 dimiserunt
736 2539 809 2572 (ill,
843 2536 857 2580 Η
896 2540 947 2570 ita
973 2539 1067 2579 (ital
1092 2539 1131 2579 G)
1159 2540 1313 2571 duobus:
1339 2542 1388 2571 sic
1416 2542 1490 2574 GH.
1523 2541 1538 2585 Η
1571 2545 1611 2576 10
1636 2544 1686 2576 vi-

177 2590 253 2622 rilis
280 2590 471 2623 inorna'tu
496 2598 572 2624 ante
597 2604 686 2625 corr.
716 2594 752 2625 G.
778 2592 792 2635 Η
815 2594 910 2625 nuda
936 2596 1060 2636 specie
1086 2605 1162 2636 ⁶²90:
1190 2596 1321 2627 nudam
1348 2598 1509 2638 speciem
1534 2599 1575 2629 H
1598 2598 1686 2639 (sie),

176 2647 269 2678 nuda
294 2648 409 2689 spotia
437 2649 472 2680 (J.
501 2646 516 2690 Η
550 2650 678 2680 11—12
703 2649 908 2681 subtilitate
936 2676 941 2683 .
964 2674 999 2684 ..
1027 2643 1215 2693 elegantia
1244 2652 1287 2683 (ἦ
1320 2664 1383 2684 om.
1413 2653 1449 2683 ll
1473 2652 1576 2694 (Me).
1601 2652 1615 2696 Η
1647 2656 1686 2686 14

178 2712 301 2757 (larice
326 2721 403 2747 ante
428 2726 516 2747 corr.
544 2708 597 2757 (3,)
623 2716 669 2746 ΙΙ.
702 2713 716 2757 Η
750 2717 790 2747 15
816 2727 929 2757 genus
953 2719 1032 2749 (ald.
1060 2718 1149 2749 Phil.
1180 2715 1195 2759 Η
1229 2720 1268 2749 17
1294 2719 1495 2760 virginales
1523 2721 1567 2752 H.
1597 2718 1612 2763 Η
1644 2723 1686 2753 ‘23

179 2780 372 2820 proclivius
398 2793 476 2823 090:
508 2782 648 2824 poculis
676 2783 752 2815 GH.
783 2781 797 2824 Η
830 2785 870 2814 2-1
895 2777 997 2825 sunn‘i
1019 2786 1074 2817 (1'0.
1109 2782 1123 2826 Η
1154 2785 1195 2815 25
1214 2785 1273 2815 diu
1288 2791 1364 2817 (mle
1381 2797 1470 2820 corr.
1492 2787 1572 2817 Gll:
1602 2787 1685 2818 diuo

181 2835 279 2865 Gc'llo
305 2836 408 2877 (le),
441 2836 455 2879 Η
484 2839 525 2869 26
552 2838 701 2870 fortuito
722 2839 806 2870 Gll:
832 2844 916 2870 --tu
936 2841 986 2871 llv
1004 2838 1109 2881 (hle).
1133 2838 1146 2880 Η
1171 2841 1320 2872 achanti
1340 2842 1408 2873 (ill
1424 2840 1513 2882 (item
1530 2854 1557 2873 υ.
1573 2842 1644 2883 27).
1668 2841 1683 2885 Η

182 2890 301 2921 suerat
328 2893 372 2925 ti:
402 2893 511 2924 fucrIt
536 2895 575 2925 ll
598 2893 700 2934 (Ille).
