1909 3322
230 225 310 266 144
876 228 1085 259 VITRUVII

229 351 274 377 se
314 334 554 391 spectantia
591 332 758 388 possint
797 345 890 371 esse
928 329 1170 382 conlocata,
1216 326 1464 381 habentque
1504 325 1659 365 dextra
1694 338 1745 364 ac

229 403 403 445 sinistra
434 400 595 441 lumina
625 399 910 439 fenestrarum
941 397 1137 450 valvata,
1168 395 1231 435 uti
1263 393 1316 433 de
1346 392 1469 433 lectis
1500 406 1576 447 per
1607 392 1745 447 spatia

228 470 512 511 fenestrarum
533 467 693 508 viridia
723 465 1054 522 prospiciantur.
1105 461 1357 503 altitudines
1389 474 1534 500 eorum
1565 457 1746 499 dimidia

228 536 469 578 latitudinis
500 534 652 576 addita
682 534 1016 574 constituuntur.

183 616 203 645 5
339 603 392 644 In
413 603 480 644 his
501 601 796 643 aedificiorum
817 598 1046 655 generibus
1069 611 1214 640 omnes
1235 601 1334 637 sunt
1355 594 1579 635 faciendae
1602 608 1745 634 earum
1774 603 1810 632 11

229 671 575 728 symmetriarum
604 669 792 709 rationes
833 681 942 722 quae
973 666 1065 707 sine
1094 664 1361 721 inpeditione
1391 661 1474 703 loci
1503 661 1597 701 fieri
1626 667 1745 716 pote-

227 745 341 792 runt,
372 738 620 793 luminaque
649 736 862 792 parietum
890 732 1198 779 altitudinibus
1223 732 1367 772 sinon
1388 728 1746 780 obscurabuntur,

229 806 416 847 faciliter
446 811 570 846 erunt
602 802 838 859 explicata,
872 801 938 842 sin
968 806 1112 841 autem
1142 799 1419 856 inpedientur
1448 797 1503 837 ab
1533 796 1747 850 angustiis

229 881 303 915 aut
332 873 428 914 aliis
459 870 815 922 necessitatibus,
854 875 957 909 tunc
996 868 1076 908 erit
1113 873 1161 908 ut
1191 866 1364 921 ingenio
1397 871 1438 906 et
1467 864 1663 904 acumine
1695 863 1748 902 de

166 954 206 983 10
233 941 496 997 symmetriis
529 938 815 979 detractiones
846 942 920 976 aut
949 935 1213 975 adiectiones
1244 933 1367 985 fiant,
1412 932 1477 972 uti
1504 946 1591 972 non
1621 930 1747 971 dissi-

231 1008 355 1049 miles
386 1008 502 1048 Veris
534 1005 797 1062 symmetriis
828 1003 1105 1059 perficiantur
1134 1006 1398 1041 venustates.

148 1087 218 1119 VII
347 1076 472 1116 Nunc
511 1072 824 1129 explicabimus
863 1070 1018 1126 quibus
1056 1067 1391 1125 proprietatibus
1436 1080 1595 1121 genera
1630 1064 1746 1105 aedi·
1775 1071 1853 1115 (IV)

232 1144 426 1184 fieiorum
465 1141 520 1181 ad
558 1155 682 1181 usum
720 1145 762 1179 et
800 1137 907 1178 caeli
944 1138 1143 1191 regiones
1181 1142 1281 1191 apte
1320 1134 1505 1175 debeant
1543 1139 1747 1189 spectare.

233 1210 412 1251 hiberna
434 1207 623 1249 triclinia
645 1214 685 1248 et
705 1205 925 1247 balnearia
942 1204 996 1244 ad
1013 1203 1278 1245 occidentem
1294 1201 1523 1242 hibernum
1541 1206 1749 1256 spectent,

168 1291 208 1320 15
234 1277 330 1318 ideo
368 1277 480 1332 quod
518 1275 766 1331 vespertino
806 1273 966 1313 lumine
1011 1287 1116 1327 opus
1155 1277 1219 1311 est
1257 1271 1340 1322 uti,
1379 1275 1601 1325 praeterea
1638 1266 1751 1323 quod

235 1346 363 1386 etiam
394 1343 457 1385 sol
488 1343 686 1384 occidens
718 1341 928 1382 adversus
959 1339 1122 1379 habens
1154 1337 1439 1394 splendorem,
1473 1334 1656 1376 calorem
1686 1349 1749 1374 re-

234 1413 409 1452 mittens
440 1410 573 1451 efficit
603 1409 850 1466 vespertino
881 1414 1072 1463 tempore
1101 1406 1321 1459 regionem
1350 1403 1620 1460 tepidiorem.
1680 1416 1750 1442 cu-

235 1478 378 1520 bicula
400 1485 443 1519 et
462 1477 751 1518 bibliothecae
772 1476 826 1516 ad
849 1476 1056 1515 orientem
1086 1478 1279 1528 spectare
1309 1471 1480 1523 debent,
1512 1485 1614 1510 usus
1637 1470 1750 1510 enim

235 1546 494 1587 matutinum
539 1543 726 1600 postulat
775 1542 940 1594 lumen,
986 1542 1089 1582 item
1129 1541 1175 1580 in
1213 1537 1488 1579 bibliothecis
1526 1536 1627 1577 libri
1665 1552 1751 1577 11011

170 1626 212 1657 ‘20
237 1619 497 1670 putrescent.
564 1626 665 1651 nam
703 1622 996 1666 quaecumque
1042 1606 1098 1647 ad
1136 1606 1360 1647 meridiem
1405 1610 1445 1645 et
1485 1604 1751 1645 occidentem

238 1686 448 1738 spectant,
481 1695 506 1720 a
535 1679 662 1720 tineis
695 1684 736 1718 et
765 1691 913 1718 umore
944 1675 1044 1716 libri
1074 1675 1298 1726 vitiantur,
1331 1671 1445 1727 quod
1474 1672 1594 1712 venti
1614 1671 1751 1712 umidi

237 1749 518 1790 advenientes
564 1751 789 1802 procreant
834 1759 904 1784 eas
951 1750 992 1783 et
1028 1741 1147 1782 alunt
1185 1740 1545 1795 infundentesque
1581 1738 1750 1780 umidos

238 1817 412 1873 spiritus
457 1813 619 1870 pallore
669 1811 888 1854 Volumina
936 1816 1226 1865 corrumpunt.
1300 1806 1488 1848 triclinia
1531 1821 1663 1846 verna
1711 1812 1751 1846 et

237 1882 499 1924 autumnalia
529 1882 583 1921 ad
615 1882 834 1922 orientem.
887 1879 943 1919 ad
975 1893 1071 1918 eum
1111 1877 1221 1917 enim
1260 1880 1480 1931 praetenta
1517 1873 1750 1914 luminibus

1776 1814 1795 1844 10

171 1964 213 1994 25
239 1952 449 1992 adversus
483 1949 583 1989 solis
614 1950 800 2002 impetus
838 1945 1119 2001 progrediens
1158 1942 1213 1983 ad
1244 1941 1509 1983 occidentem
1541 1941 1673 1981 efficit
1704 1954 1753 1980 ea

239 2024 476 2073 temperata
505 2014 560 2055 ad
591 2014 636 2054 id
666 2021 834 2069 tempus
866 2027 948 2068 quo
978 2012 1045 2053 his
1078 2010 1248 2051 solitum
1280 2015 1344 2049 est
1372 2009 1450 2049 uti.
1500 2010 1667 2049 aestiva
1697 2007 1752 2047 ad

241 2084 596 2141 septentrionem,
630 2080 744 2136 quod
776 2095 825 2120 ea
854 2080 973 2134 regio
1004 2093 1089 2119 non
1118 2084 1165 2118 ut
1194 2075 1384 2131 reliquae
1414 2090 1491 2130 per
1522 2074 1751 2116 solstitium

333 2190 349 2219 1
377 2190 453 2227 atq3
478 2190 555 2217 ante
579 2195 669 2218 corr.
695 2184 743 2217 H.
771 2181 787 2225 ΙΙ
818 2184 837 2213 2
863 2183 1106 2214 fenestrarum
1137 2179 1269 2211 viridia
1294 2178 1444 2211 Valvata
1475 2177 1534 2218 (esc
1556 2190 1584 2211 v.
1613 2180 1633 2209 3
1659 2182 1751 2209 ante-

242 2243 403 2287 cz'pando)
425 2243 491 2275 GH
516 2240 621 2282 (LIe),
646 2240 701 2271 ubi
723 2239 857 2270 viridia
883 2240 945 2270 del.
965 2239 1040 2269 ἆορ.
1072 2235 1088 2279 ll
1119 2236 1226 2267 lectis
1245 2236 1349 2268 Phila
1375 2234 1484 2266 tectis
1504 2235 1580 2266 GH.
1608 2231 1623 2276 Η
1654 2236 1673 2265 3
1700 2234 1753 2265 al—

243 2301 419 2333 titudines
447 2298 474 2329 G
504 2296 614 2337 (Llc):
653 2295 860 2326 altitudinis
889 2295 933 2325 H.
964 2291 979 2335 Η
1018 2295 1037 2325 5
1063 2302 1186 2324 earum
1216 2292 1253 2322 H
1285 2289 1392 2331 (Ηώς
1432 2290 1521 2322 eade
1552 2294 1629 2321 ante
1660 2300 1751 2329 corr,

244 2358 316 2400 (qni
339 2365 446 2396 supra
469 2364 536 2385 scr.
562 2351 621 2393 rii)
651 2352 687 2384 G.
720 2348 734 2393 Η
766 2353 785 2382 6
810 2350 881 2382 loci
906 2351 978 2382 ed.:
1008 2349 1100 2380 loeis
1127 2348 1202 2380 GH.
1236 2344 1251 2389 [l
1287 2348 1306 2378 9
1333 2350 1420 2377 tunc
1445 2346 1514 2378 erit
1540 2346 1583 2378 G:
1621 2346 1754 2377 tenerit

244 2415 282 2445 II
307 2410 409 2453 (Lle).
442 2407 457 2452 Η
496 2410 536 2440 12
563 2407 828 2449 explicabimus
862 2407 953 2438 GcL:
987 2404 1248 2446 explicauimus
1275 2403 1343 2433 GH
1367 2400 1445 2442 (ἵε),
1470 2399 1484 2443 Η
1513 2403 1552 2433 13
1585 2404 1670 2443 apte
1702 2402 1753 2433 ed.

245 2471 328 2511 (rec.
354 2471 387 2499 et
412 2464 524 2506 epil.):
565 2466 670 2495 actae
704 2461 797 2504 (—t‹2
825 2462 863 2502 G)
904 2462 980 2493 GH.
1012 2459 1026 2503 [1
1064 2462 1231 2502 spectare
1270 2460 1316 2491 L:
1360 2460 1574 2498 exspectare
1609 2457 1650 2493 G,
1695 2467 1754 2488 ex-

247 2528 399 2568 pectare
424 2521 461 2552 H
487 2519 557 2561 (le).
595 2517 610 2561 [l
650 2520 690 2549 14
717 2518 760 2549 ad
786 2519 877 2549 Mar.
911 2516 1027 2557 (rec.):
1064 2516 1117 2546 uti
1150 2515 1225 2546 GH.
1258 2511 1272 2555 Η
1306 2515 1346 2545 18
1371 2513 1594 2554 bibliothece
1633 2513 1660 2544 G
1686 2511 1754 2553 (h);

246 2578 503 2621 biblyothecae
524 2576 559 2606 H
585 2574 640 2615 (L,
666 2574 897 2615 bybliotheee
914 2571 971 2615 lc).
995 2571 1010 2614 Η
1032 2574 1072 2604 19
1097 2570 1330 2603 bibliothecis
1351 2570 1378 2600 G
1404 2568 1482 2609 (L):
1508 2567 1752 2608 biblyotheeis

246 2638 284 2669 H
303 2632 558 2677 (bybliothecis
584 2630 638 2670 lc).
664 2629 678 2671 Η
700 2632 740 2661 21
760 2630 913 2660 abtinsis
941 2628 1031 2669 (ante
1056 2638 1144 2660 corr.
1171 2628 1227 2668 qui
1250 2628 1338 2657 delet
1357 2627 1455 2666 prins
1478 2624 1507 2664 s)
1537 2625 1574 2664 G,
1603 2624 1752 2655 abtiniis

247 2694 284 2725 Il
310 2692 470 2732 (abtmus
495 2689 536 2724 L,
563 2686 723 2718 abtinias
747 2684 804 2725 lc).
838 2683 852 2726 ΙΙ
882 2687 924 2716 22
950 2685 1171 2717 advenentes
1196 2683 1243 2714 Il.
1275 2679 1289 2723 Η
1320 2682 1362 2712 24
1388 2679 1641 2712 orientem.ad
1673 2690 1752 2711 eum

250 2748 345 2779 enim
368 2756 448 2788 390:
475 2744 650 2776 orientem
677 2752 756 2773 cum
783 2742 876 2772 enim
904 2740 1095 2781 (orientem
1114 2763 1122 2770 .
1142 2737 1273 2779 cilleni
1299 2736 1340 2777 G)
1375 2737 1450 2768 GH.
1482 2733 1497 2777 ΙΙ
1528 2737 1569 2766 26
1605 2735 1661 2766 1115
1699 2746 1756 2767 50-

247 2804 352 2835 litum
388 2802 482 2833 Mar.
522 2799 567 2841 (et
604 2798 716 2840 epit.):
758 2807 845 2838 opus
882 2797 1026 2829 solitum
1059 2796 1135 2827 GH.
1173 2792 1188 2836 Η
1227 2793 1273 2825 ad
1304 2792 1586 2833 septentrionem
1623 2792 1662 2821 H
1696 2790 1752 2831 (L,

249 2856 576 2900 desepteutrionem
601 2866 630 2895 e,
655 2855 742 2885 ——nE
767 2851 808 2896 l):
843 2853 887 2884 ad
906 2850 1226 2895 septentrionalem
1254 2850 1291 2881 G.
1331 2846 1347 2891 Η
1375 2849 1416 2880 27
1448 2847 1548 2889 regio
1579 2847 1617 2877 H
1642 2844 1752 2887 (Llc):

247 2917 394 2958 regione
421 2915 459 2949 G.
