1899 3322
567 210 627 239 DE
660 210 1013 242 ARCHITECTURA
1047 213 1222 243 L113.1x.
1568 202 1650 245 219

93 321 111 352 2
137 311 338 352 inventus
382 311 556 352 effectus
602 312 647 352 in
690 311 864 353 mundo.
938 314 1122 355 mundus
1168 322 1311 357 autem
1356 322 1420 358 est
1462 317 1652 359 omnium

136 385 316 419 naturae
346 393 488 420 rerum
521 380 745 436 conceptio
776 395 941 421 summa
971 382 1220 439 caelumque
1242 383 1457 426 sideribus
1481 391 1522 426 et
1552 383 1652 426 stel-

136 445 273 487 larum
304 448 499 488 cursibus
522 447 846 488 conformatum.
906 448 952 488 id
982 448 1173 491 volvitur
1201 452 1470 493 continenter
1491 453 1653 494 circum

137 521 296 556 terram
327 521 455 571 atque
485 529 603 555 mare
640 530 717 572 per
747 516 843 556 axis
876 515 1072 557 cardines
1106 524 1334 560 extremos.
1395 535 1578 578 namque
1609 522 1653 562 in

136 581 201 622 his
234 581 340 624 locis
371 582 578 623 naturalis
610 589 800 639 potestas
831 584 891 624 ita
920 584 1203 626 architectata
1235 593 1297 628 est
1329 587 1652 646 conlocavitque

138 649 336 692 cardines
368 656 584 706 tamquam
617 658 784 703 centra,
823 665 957 692 unum
987 666 1011 692 a
1042 659 1156 694 terra
1188 660 1228 694 et
1266 656 1374 696 mari
1413 656 1457 696 in
1488 671 1652 698 summo

136 717 297 759 mundo
336 733 385 758 ac
425 725 522 774 post
560 719 676 775 ipsas
716 717 861 760 stellas
902 721 1266 776 septentrionum,
1315 722 1497 764 alterum
1534 731 1653 766 trans

141 792 289 826 contra
320 785 400 826 sub
438 792 551 827 terra
590 787 635 827 in
671 787 920 828 meridianis
957 788 1174 843 partibus,
1214 789 1361 845 ibique
1392 792 1551 832 circum
1583 807 1653 834 eos

138 853 335 894 cardines
375 853 588 895 orbiculos
621 855 781 895 circum
822 862 967 896 centra
996 857 1059 897 uti
1097 857 1140 897 in
1177 863 1300 898 torno
1340 858 1542 914 perfecit,
1582 861 1655 916 qui

137 935 291 976 graece
330 923 459 963 πολοι
496 923 795 976 nominantur,
843 937 919 979 per
964 938 1068 979 quos
1114 924 1346 981 pervolitat
1392 928 1653 982 sempiterno
1684 936 1722 968 10

139 987 318 1030 caelum.
387 990 449 1030 ita
484 989 627 1031 media
666 997 780 1031 terra
819 1005 915 1032 cum
951 992 1060 1032 mari
1099 993 1233 1034 centri
1272 992 1364 1035 loco
1402 994 1656 1036 naturaliter

93 1068 112 1099 3
138 1063 201 1097 est
239 1055 472 1098 conlocata.
547 1057 613 1098 his
652 1065 806 1099 natura
845 1058 1069 1115 dispositis
1116 1061 1177 1101 ita
1221 1061 1285 1101 uti
1331 1063 1655 1118 septentrionali

137 1130 258 1180 parte
288 1139 314 1165 a
343 1131 459 1166 terra
490 1124 702 1167 excelsius
733 1126 889 1168 habeat
920 1126 1193 1168 altitudinem
1224 1136 1431 1183 centrum,
1464 1132 1509 1172 in
1530 1133 1654 1173 meri-

137 1192 266 1232 diana
302 1198 444 1232 autem
483 1200 605 1249 parte
642 1194 687 1235 in
734 1194 1012 1236 inferioribus
1059 1194 1163 1236 locis
1203 1196 1443 1238 subiectum
1479 1214 1504 1239 a
1542 1206 1656 1241 terra

138 1259 410 1313 obscuretur,
450 1266 552 1302 tune
584 1262 714 1302 etiam
752 1277 829 1318 per
859 1262 1047 1304 medium
1084 1270 1331 1305 transversa
1369 1271 1410 1306 et
1449 1267 1653 1309 inclinata
1681 1275 1723 1307 15

136 1328 181 1367 in
225 1328 451 1368 meridiem
496 1328 645 1370 circuli
693 1329 779 1370 lata
822 1345 930 1371 zona
973 1342 1041 1371 XII
1086 1331 1221 1385 signis
1267 1339 1331 1373 est
1375 1334 1654 1377 conformata.

139 1409 246 1450 quae
278 1409 423 1436 eorum
455 1397 622 1452 speeies
645 1396 780 1438 stellis
809 1398 1033 1453 dispositis
1054 1410 1121 1439 XII
1153 1399 1349 1454 partibus
1381 1404 1655 1458 peraequatis

139 1463 346 1519 exprimit
378 1463 595 1520 depictam
633 1465 688 1506 ab
718 1472 873 1507 natura
911 1466 1227 1521 figurationem.
1288 1468 1432 1524 itaque
1471 1468 1657 1511 lucentia

139 1545 236 1570 cum
286 1531 446 1572 mundo
496 1531 759 1589 reliquisque
807 1533 1023 1574 sideribus
1079 1541 1229 1576 ornatu
1280 1537 1440 1577 circum
1495 1543 1656 1579 terram

137 1613 340 1654 mareque
372 1599 644 1656 pervolantia
666 1615 814 1642 cursus
847 1601 1074 1658 perficiunt
1104 1602 1160 1642 ad
1191 1602 1299 1644 caeli
1329 1604 1652 1647 rotunditatem.
1681 1614 1724 1644 ‘20

92 1676 111 1706 4
139 1667 280 1708 omnia
310 1673 453 1708 autem
484 1668 661 1709 visitata
693 1675 734 1710 et
764 1669 988 1710 invisitata
1017 1676 1259 1725 temporum
1279 1673 1538 1713 necessitate
1559 1664 1658 1716 sunt

139 1735 384 1776 constituta.
446 1749 501 1775 ex
531 1736 685 1791 quibus
725 1751 802 1777 sex
834 1738 957 1791 signa
995 1752 1171 1778 numero
1204 1753 1333 1794 supra
1372 1745 1528 1780 terram
1560 1756 1655 1781 eum

139 1801 254 1843 eaelo
277 1809 587 1857 pervagantur,
622 1810 763 1844 cetera
785 1803 864 1845 sub
886 1811 1043 1845 terram
1066 1804 1292 1846 subeuntia
1314 1806 1367 1846 ab
1390 1808 1480 1848 cius
1505 1808 1658 1849 umbra

138 1869 433 1912 obscurantur.
494 1885 571 1912 sex
602 1878 744 1913 autem
777 1886 831 1912 cx
861 1872 926 1912 his
960 1886 1128 1929 semper
1159 1888 1288 1930 supra
1325 1881 1483 1915 terram
1512 1877 1655 1917 nitun-

137 1945 221 1980 tur.
283 1944 442 1993 quanta
487 1953 584 1995 pars
618 1940 730 1980 enim
767 1940 995 1981 novissimi
1035 1940 1149 1995 signi
1188 1941 1466 1998 depressione
1509 1946 1723 1991 coactass‘25

137 2006 382 2047 versatione
427 2006 601 2048 subiens
642 2007 721 2049 sub
768 2014 925 2048 terram
964 2008 1223 2062 occultatur,
1273 2011 1526 2051 tantundem
1565 2013 1656 2054 eius

138 2074 341 2114 contrarii
412 2075 667 2116 versationis
734 2076 990 2117 necessitate
1055 2091 1381 2133 supergressum
1445 2080 1657 2122 rotatione

1679 598 1697 629 ει

230 2235 248 2264 2
282 2238 318 2265 et
348 2234 536 2266 stellarum
570 2235 733 2266 cursibus
766 2236 847 2267 EG:
891 2247 951 2269 om.
986 2237 1020 2267 H
1053 2234 1156 2278 (ΜΟ).
1192 2236 1206 2280 Η
1245 2240 1264 2270 3
1297 2239 1559 2271 conformatum
1594 2242 1654 2271 Cic:

137 2293 242 2321 —tus
269 2288 348 2330 (sie)
377 2291 448 2322 ΕΙ]
473 2290 563 2331 (Leo)
591 2295 622 2323 el
648 2296 725 2323 ante
751 2302 841 2324 corr.
871 2294 907 2324 (j.
938 2290 952 2335 Η
984 2294 1003 2323 6
1030 2296 1066 2324 et
1092 2295 1182 2325 mari
1217 2294 1269 2334 (et
1296 2305 1315 2326 a
1341 2297 1429 2326 mari
1461 2295 1568 2335 Joc.):
1606 2297 1656 2327 in-

138 2347 237 2377 mani
263 2347 375 2379 EGII.
403 2345 417 2389 Η
448 2350 467 2379 9
493 2347 676 2380 orbiculos
703 2348 838 2379 circum
865 2351 992 2380 centra
1017 2350 1086 2380 uti:
1112 2352 1161 2382 sic
1186 2351 1300 2382 EGII.
1325 2349 1339 2393 Η
1366 2354 1404 2382 10
1430 2352 1539 2383 πολοι
1564 2353 1655 2386 dom:

139 2403 251 2444 pasdc
278 2403 381 2435 EGll
413 2403 494 2446 (pas
521 2404 826 2440 (lemomiuantur
857 2404 942 2441 ΕΠ,
974 2406 1136 2446 pasdeno
1168 2407 1349 2438 minantur
1376 2408 1418 2443 G,
1450 2409 1513 2439 sed
1543 2409 1654 2449 pasde

139 2459 372 2490 nominantur
399 2460 469 2501 GC).
495 2458 510 2503 Η
532 2462 572 2491 13
592 2460 783 2491 altitudine
810 2461 845 2491 ll
872 2460 954 2500 ((i⁶l‚
984 2473 1107 2494 —nem
1127 2463 1208 2503 Lc):
1237 2474 1325 2495 —ne
1352 2463 1382 2494 E
1407 2468 1438 2494 et
1465 2468 1541 2495 ante
1566 2474 1657 2499 corr,

143 2515 179 2547 G.
213 2513 228 2558 Η
262 2516 302 2546 14
327 2522 430 2557 parte
457 2517 492 2547 in
522 2517 583 2547 EG
608 2515 684 2558 (lc),
718 2517 858 2558 partein
892 2517 967 2558 (sie)
996 2519 1031 2549 ll
1056 2518 1210 2560 (partem
1241 2520 1294 2559 L).
1327 2518 1341 2562 Η
1382 2522 1420 2550 ltj
1453 2520 1529 2552 lata
1555 2520 1654 2553 Solen.

140 2571 266 2612 (Gal.):
285 2570 408 2603 delata
423 2571 690 2615 EGll.1116(et
714 2573 765 2612 17)
786 2573 871 2604 XII:
889 2575 937 2604 sie
952 2574 1064 2608 EGll.
1088 2572 1103 2617 Η
1127 2576 1167 2607 18
1185 2576 1248 2607 ab:
1274 2577 1322 2607 sic
1342 2576 1451 2607 Elill.
1478 2573 1492 2616 Η
1519 2576 1657 2607 191011-

142 2627 292 2668 quisque
319 2628 501 2661 sideribus
520 2630 650 2661 ornatu
678 2628 811 2669 (—tum
828 2629 873 2669 E)
901 2630 1003 2661 Elill
1029 2630 1174 2670 (ornatu
1193 2631 1281 2673 egso).
1311 2630 1325 2673 Η
1352 2631 1391 2661 '21
1413 2633 1654 2664 necessitato:

139 2685 187 2715 sic·
212 2684 326 2718 EGll.
359 2686 372 2727 Η
404 2686 445 2716 22
473 2696 516 2717 ex
542 2685 671 2726 quibus
699 2684 815 2726 (r·ec.):
843 2687 968 2727 exquis
995 2687 1106 2718 Elill.
1140 2685 1154 2728 Η
1187 2690 1228 2720 ’23
1255 2689 1299 2719 ab
1329 2688 1405 2719 cius
1427 2688 1503 2718 EG:
1531 2689 1574 2719 ab
1602 2689 1655 2721 eis

142 2741 179 2771 ll
198 2738 339 2782 (GcLlc)
374 2739 389 2783 Η
412 2742 452 2772 24
471 2741 728 2774 obscrurantur
749 2742 775 2772 (ι’
794 2740 872 2781 (non
895 2742 948 2783 E).
976 2740 990 2785 Η
1011 2752 1090 2775 Sex:
1119 2744 1193 2775 Rex
1212 2748 1289 2775 ante
1306 2753 1396 2775 corr.
1419 2745 1446 2773 (1¹
1464 2744 1542 2783 (non
1562 2744 1619 2784 E).
1637 2743 1651 2787 Ι

140 2797 181 2827 27
209 2797 382 2827 contrarii
407 2796 517 2828 Alma:
555 2799 759 2830 contrariae
786 2797 899 2830 Ecill.
933 2796 947 2840 Η
984 2800 1204 2831 versationis
1234 2801 1325 2832 dost:
1365 2801 1655 2832 conversationis

141 2851 254 2885 ΕΘΗ.
283 2849 297 2894 Η
329 2862 600 2894 supergressum
619 2864 697 2895 egyo:
725 2854 828 2894 sup(b
846 2853 1014 2895 G)pre(ae
1029 2856 1145 2896 ll)ssa
1165 2855 1274 2886 EGll.
1308 2852 1322 2896 Η
1355 2856 1535 2888 rotatione
1560 2857 1653 2889 -l0c·.:

142 2908 329 2940 notatione
357 2908 468 2942 EGII.
