1899 3322
583 255 645 284 DE
678 256 1035 289 ARCHITECTURA
1067 262 1159 292 Lm.
1192 262 1236 293 x.
1591 256 1674 299 259

149 358 377 408 pertegant
409 368 503 395 eam
534 355 860 402 involutionem.
911 367 1013 402 tunc
1045 377 1119 404 eae
1149 364 1323 406 tabulae
1353 367 1449 422 pice
1480 374 1671 411 saturan-

147 426 218 460 tur
249 428 290 462 et
321 421 536 464 lamminis
567 423 720 465 ferreis
753 426 1046 484 conligantur,
1085 437 1132 471 ut
1163 432 1217 473 ab
1249 448 1384 489 aquae
1423 436 1469 476 vi
1500 452 1553 477 ne
1585 438 1671 479 dis—

147 486 382 529 solvantur.
460 492 601 546 capita
646 493 759 547 tigni
797 494 950 536 ferrea.
1012 497 1166 539 dextra
1211 507 1354 542 autem
1398 517 1448 543 ac
1493 505 1671 547 sinistra

147 555 334 596 cocleam
365 558 487 612 tigna
518 558 796 602 conlocantur
825 563 870 603 in
901 564 1118 619 capitibus
1150 573 1332 624 utraque
1360 577 1481 626 parte
1509 571 1668 614 haben-

146 623 207 662 tia
244 627 561 666 transversaria
601 627 784 670 confixa.
852 631 897 671 in
933 631 1000 673 his
1032 632 1244 675 foramina
1288 637 1429 678 ferrea
1469 646 1568 681 sunt
1606 642 1669 682 in-

146 689 266 730 clusa
302 692 431 748 inque
471 707 521 734 ea
560 695 825 737 inducuntur
863 698 989 755 styli,
1039 707 1079 740 et
1118 702 1179 742 ita
1220 703 1387 745 cocleae
1424 705 1670 751 hominibus

99 766 120 796 4
145 757 412 800 calcantibus
444 760 611 803 faciunt
642 765 923 806 versationes.
975 768 1132 809 erectio
1163 776 1306 811 autem
1339 773 1429 814 eius
1460 774 1516 815 ad
1547 777 1668 818 incli-

143 827 363 867 nationem
396 829 458 868 sic
491 830 572 870 erit
611 830 875 873 conlocanda
913 835 977 874 uti
1018 836 1381 891 quemadmodum
1410 841 1668 899 Pythagori-

144 907 241 933 cum
271 895 492 950 trigonum
514 897 815 953 orthogonium
838 901 1114 957 describitur,
1148 905 1210 945 sic
1240 905 1285 947 id
1316 906 1474 949 habeat
1493 925 1667 968 respon-

143 975 252 1013 sum,
283 961 330 1002 id
363 970 426 1004 est
447 965 510 1004 uti
534 964 760 1008 dividatur
790 967 1016 1023 longitudo
1048 971 1092 1011 in
1124 979 1268 1027 partes
1290 986 1333 1027 V,
1367 990 1512 1018 earum
1534 980 1665 1020 trium
1693 990 1733 1020 10

144 1027 376 1070 extollatur
407 1039 536 1087 caput
576 1033 765 1088 cocleae,
805 1037 864 1076 ita
905 1038 985 1078 crit
1017 1038 1071 1079 ab
1114 1041 1423 1096 perpendiculo
1463 1046 1518 1085 ad
1558 1047 1666 1090 imas

142 1110 267 1136 nares
300 1099 488 1153 spatium
520 1114 665 1141 carum
696 1104 884 1158 partium
926 1117 1010 1146 1111.
1060 1121 1144 1162 qua
1173 1109 1340 1150 ratione
1369 1117 1512 1152 autem
1543 1129 1665 1170 opor-

141 1168 231 1204 teat
261 1164 306 1204 id
339 1180 454 1221 esse,
486 1168 532 1207 in
571 1175 764 1211 extremo
803 1170 914 1213 libro
954 1174 1045 1214 eius
1084 1173 1222 1216 forma
1261 1176 1479 1235 descripta
1518 1188 1583 1223 est
1622 1184 1665 1224 in

140 1230 235 1286 ipso
266 1238 472 1290 tempore.

255 1298 379 1350 Quae
417 1301 471 1342 de
510 1305 690 1345 materia
734 1305 842 1347 fiunt
886 1322 1047 1362 organa
1091 1309 1147 1350 ad
1185 1311 1468 1355 hauriendam
1508 1331 1665 1373 aquam
1694 1329 1733 1358 15

141 1365 298 1421 quibus
337 1369 578 1412 rationibus
619 1373 897 1428 perficiantur
935 1376 1177 1433 quibusque
1215 1379 1343 1421 rebus
1384 1389 1523 1425 motus
1555 1388 1662 1428 reci-

138 1434 304 1489 pientia
335 1443 552 1491 praestent
585 1441 905 1483 versationibus
936 1443 1130 1485 infinitas
1163 1446 1397 1503 utilitates,
1438 1457 1485 1491 ut
1522 1461 1665 1495 essent

14 1506 113 1549 (VII)
140 1503 308 1543 notiora
339 1519 466 1559 quam
497 1508 771 1562 apertissime
802 1511 924 1565 potui
954 1513 1204 1569 perscripsi.
1278 1515 1520 1572 insequitur
1550 1536 1663 1563 nunc
1690 1532 1759 1564 XII

138 1568 191 1609 de
235 1570 455 1613 Ctesibica
500 1574 720 1628 machina,
774 1591 884 1632 quae
929 1579 973 1618 in
1027 1579 1304 1622 altitudinem
1355 1599 1510 1641 aquam
1558 1589 1660 1630 edu-

139 1637 197 1677 cit
242 1645 494 1680 monstrare.
569 1656 617 1682 ea
663 1642 710 1683 fit
756 1658 810 1684 cx
863 1659 982 1699 aere,
1038 1648 1161 1689 cuius
1215 1650 1259 1690 in
1306 1651 1526 1696 radicibus
1573 1672 1659 1698 mo-
1687 1668 1730 1698 ‘20

138 1703 244 1744 dioli
289 1705 397 1747 fiunt
432 1708 817 1765 gemellibpaulum
856 1711 1088 1768 distantes,
1135 1715 1344 1759 habentes
1376 1720 1542 1763 fistulas
1574 1724 1660 1765 fur—

138 1770 260 1812 cillae
310 1773 451 1828 figura
512 1776 711 1818 similiter
761 1778 1059 1835 cohaerentes,
1123 1783 1167 1823 in
1224 1785 1414 1827 medium
1471 1791 1659 1832 catinum

137 1848 454 1882 concurrentes.
530 1843 573 1883 in
626 1859 709 1900 quo
757 1847 898 1888 catino
947 1848 1055 1889 fiunt
1103 1865 1219 1891 asses
1271 1853 1316 1893 in
1362 1858 1659 1911 superioribus

134 1907 310 1949 naribus
360 1908 601 1950 fistularum
658 1917 1031 1968 coagmentatione
1085 1917 1237 1960 subtili
1293 1921 1526 1979 conlocati,
1585 1928 1658 1982 qui

134 1975 490 2030 praeobturantes
522 1977 731 2021 foramina
768 1984 937 2023 narium
975 1999 1060 2025 non
1098 1987 1324 2041 patiuntur
1362 1990 1503 2032 redire
1542 1995 1657 2049 quod
1682 2005 1725 2036 ⁶25

90 2053 109 2082 2
135 2043 293 2097 spiritu
333 2044 378 2084 in
416 2045 607 2086 catinum
647 2055 711 2088 cst
750 2063 1017 2106 expressum.
1080 2068 1208 2109 supra
1251 2057 1441 2098 catinum
1472 2051 1657 2114 paenula

135 2115 182 2150 ut
219 2110 543 2153 infundibulum
584 2114 807 2157 inversum
849 2125 913 2159 est
950 2126 1235 2177 attemperata
1280 2130 1320 2164 et
1358 2140 1435 2180 per
1480 2127 1655 2170 fibulam

1696 652 1716 682 (51

225 2216 240 2245 1
270 2225 310 2256 ee
340 2216 367 2246 G
392 2216 467 2255 (sed
491 2216 557 2258 hee
586 2218 655 2258 GC),
685 2230 750 2250 eac
778 2221 813 2251 H
839 2221 897 2262 (L,
925 2222 994 2255 hae
1020 2222 1074 2266 le).
1110 2222 1124 2266 Η
1156 2227 1175 2256 2
1194 2225 1377 2259 lamminis
1397 2229 1473 2260 GH.
1507 2228 1521 2273 Η
1550 2234 1570 2263 3
1596 2243 1655 2264 ca-

134 2270 211 2310 pita
236 2270 329 2312 tigni
347 2270 453 2302 ferr&
472 2271 586 2311 (—-ret
601 2297 608 2305 .
627 2274 666 2315 G)
695 2275 822 2308 dextra
840 2280 960 2309 autem
988 2304 993 2310 .
1014 2304 1020 2311 .
1042 2305 1047 2311 .
1077 2281 1143 2312 GH
1161 2280 1297 2321 (ferrea
1315 2283 1404 2324 eyn).
1428 2282 1442 2327 Η
1465 2276 1484 2316 G
1504 2287 1654 2320 cocleae

135 2325 236 2368 (—ce
266 2326 307 2367 G)
336 2352 343 2358 .
364 2350 371 2357 .
391 2351 398 2358 .
426 2328 586 2359 faciunt:
618 2330 666 2361 sie
694 2330 771 2362 GH.
810 2331 824 2374 Η
866 2335 905 2365 10
931 2335 978 2365 V:
1010 2338 1058 2367 sic
1092 2337 1167 2371 GH.
1203 2336 1217 2379 Η
1251 2340 1289 2369 11
1318 2339 1362 2370 ab
1396 2339 1433 2380 (a
1457 2342 1547 2382 doe.)
1573 2354 1654 2385 per-

132 2382 348 2423 pendiculo:
381 2383 648 2425 adppendiculfi
677 2386 753 2419 GH.
787 2385 801 2429 Η
836 2391 874 2419 12
908 2391 1004 2422 naris
1039 2392 1115 2424 GH.
1155 2397 1170 2436 Η
1209 2396 1295 2426 carfi
1323 2396 1434 2436 pedes
1465 2398 1538 2429 IIII
1558 2423 1565 2430 .
1588 2400 1657 2431 GH

133 2437 272 2479 (partes
297 2440 389 2477 doe..
417 2441 575 2482 partium
604 2442 693 2473 Mar.
720 2444 764 2482 (γ’.
789 2454 822 2484 p.
850 2447 933 2482 258,
962 2446 1007 2486 1).
1031 2445 1044 2489 Η
1071 2450 1110 2480 13
1136 2449 1321 2492 descripta
1340 2470 1380 2474 —
1400 2455 1577 2495 tempore:
1603 2458 1653 2487 sic

135 2495 200 2525 GH
225 2494 322 2535 (fort.
348 2496 519 2538 tergore).
553 2495 567 2539 Η
602 2499 641 2530 17
668 2498 829 2530 infinitas
856 2501 958 2532 Plan:
993 2502 1201 2537 adinfinitas
1229 2507 1305 2538 Gll.
1336 2505 1350 2549 Η
1384 2510 1424 2540 18
1454 2511 1651 2552 perscripsi

131 2550 226 2584 Joc.:
252 2551 552 2593 perscrip(]ll)ta
569 2557 654 2585 sunt
678 2555 782 2586 inillo
808 2559 967 2598 tempore
994 2558 1134 2601 (respic.
1151 2564 1198 2593 ad
1214 2574 1240 2595 υ.
1260 2565 1319 2602 13)
1349 2564 1424 2595 Gll.
1444 2562 1458 2606 Η
1477 2567 1517 2597 19
1543 2565 1649 2599 (lecte

131 2606 251 2637 sibica
280 2608 307 2639 G
333 2606 405 2648 (L),
431 2608 659 2641 dectesibica
686 2611 723 2640 ll
748 2609 890 2652 (Gelste,
916 2613 957 2645 ‹le
982 2615 1136 2648 tesibiea
1161 2619 1197 2655 le,
1229 2618 1271 2650 (le
1287 2622 1321 2650 te
1349 2619 1467 2650 sibica
1492 2619 1528 2660 l).
1561 2619 1576 2663 Η
1607 2624 1650 2654 20

131 2661 171 2693 fit
195 2663 250 2694 elz:
289 2664 337 2694 sit
364 2664 431 2695 GH
462 2662 547 2706 (LI).
579 2662 594 2707 Η
623 2667 662 2697 21
691 2668 920 2708 gefflncnielli
951 2675 1028 2702 {mle
1053 2683 1141 2704 corr.
1175 2674 1217 2711 G,
1250 2675 1480 2715 gememeltli
1506 2676 1542 2706 ll
1574 2676 1649 2718 (ge-

132 2717 232 2749 melli
260 2718 395 2759 Gthe).
421 2718 436 2762 Η
458 2720 598 2753 fistulas
623 2722 792 2755 furcillae
826 2728 911 2755 sunt
935 2725 1050 2767 figura
1079 2728 1144 2759 Gll
1170 2729 1268 2765 (sunt
1294 2732 1410 2770 delevi,
1437 2741 1530 2771 quac
1556 2733 1645 2765 fure.

133 2783 160 2803 s.
188 2774 212 2807 f.
240 2775 334 2806 Allata
360 2787 430 2807 cnm
454 2776 550 2816 rest).
583 2775 598 2820 Η
629 2780 671 2810 ‘23
699 2779 786 2810 fiunt
811 2780 928 2812 Selom:
956 2781 1046 2814 fiant
1073 2784 1148 2816 GH.
1173 2783 1186 2826 Η
1209 2786 1251 2815 25
1277 2789 1405 2829 pracff)
1422 2787 1646 2826 G)ob‹luran—

131 2832 186 2860 tes
206 2830 283 2863 GH.
306 2829 321 2872 Η
344 2832 527 2864 foramina
544 2834 683 2865 narium
713 2835 739 2865 G
765 2835 839 2877 (l⁶):
868 2836 1105 2870 soraminarit]
1132 2840 1168 2869 ΙΙ
1191 2840 1297 2878 (ΙᾸι-).
1330 2840 1345 2882 Η
1373 2853 1442 2874 nou
1461 2844 1648 2884 patiuntur

131 2886 245 2924 gexire
271 2887 307 2917 id
332 2889 411 2921 aad.
429 2889 517 2930 doe„
545 2890 661 2921 redire
688 2901 760 2931 890,
787 2892 831 2931 ‘'f-
852 2903 885 2932 p.
904 2895 981 2931 262,
1003 2894 1060 2935 17)
1081 2895 1172 2935 quod
1192 2896 1343 2936 spiritus
1370 2897 1467 2938 (—tu
1493 2899 1584 2942 doc.)
1611 2901 1646 2932 iu

132 2943 293 2975 catinum
319 2946 374 2974 est
399 2941 570 2986 expre(ac
592 2947 741 2986 Il)ssum
769 2948 844 2979 (ill.
878 2946 893 2991 Η
925 2951 965 2981 ’27
993 2951 1195 2982 infudibulfi
1226 2953 1302 2985 (ill.

1297 3009 1342 3049 17
