1909 3322
240 623 260 653 ιἿ

225 1298 262 1328 15

285 231 367 272 282
933 237 1141 267 virnuvu

287 344 331 384 in
352 341 541 384 minimis
573 341 679 393 fieri,
711 345 840 395 atque
862 338 1010 380 eodem
1031 338 1157 380 modo
1189 338 1233 378 in
1263 336 1511 378 maioribus.
1559 337 1619 378 ita
1650 336 1798 378 eodem

286 410 412 451 modo
456 408 618 450 Rhodii
663 407 812 448 eadem
856 407 1022 448 ratione
1063 406 1230 462 decepti
1276 405 1477 445 iniuriam
1513 419 1609 445 cum
1653 410 1798 445 contu—

284 476 411 518 melia
431 477 648 531 Diogneto
680 475 886 515 fecerunt.
936 475 1080 530 itaque
1101 479 1379 530 posteaquam
1402 471 1605 513 viderunt
1633 471 1800 513 hostem

284 545 564 601 pertinaciter
594 543 812 596 infestum,
858 541 1094 598 perieulum
1134 541 1356 582 servitutis
1394 539 1711 581 machinatione
1746 539 1801 580 ad

285 612 537 670 capiendam
575 611 725 652 urbem
757 616 1023 666 comparata,
1061 609 1308 649 vastitatem
1341 607 1532 648 civitatis
1572 612 1800 663 expectan-

285 681 398 734 dam,
421 679 741 736 procubuerunt
760 679 979 733 Diogneto
1009 682 1210 733 rogantes
1241 680 1289 715 ut
1319 674 1600 716 auxiliaretur
1621 675 1800 730 patriae.

285 750 321 790 is
353 749 490 806 primo
527 746 705 801 negavit
744 761 788 788 se
818 745 1046 786 facturum.
1106 748 1387 799 posteaquam
1426 743 1638 797 ingenuae
1668 742 1800 796 virgi-

285 831 361 858 nes
394 822 434 857 et
466 814 622 871 ephebi
660 829 756 855 cum
787 811 1084 854 sacerdotibus
1121 816 1334 851 venerunt
1372 809 1427 850 ad
1467 810 1799 867 deprecandum,

286 891 388 925 tunc
419 889 484 924 est
514 881 732 939 pollicitus
763 881 830 922 his
861 879 1031 934 legibus
1062 879 1125 919 uti
1157 879 1193 919 si
1224 892 1317 918 eam
1346 877 1588 919 machinam
1618 878 1802 933 cepisset

288 967 364 993 sua
395 956 522 992 esset.
582 950 617 990 is
648 951 709 990 ita
740 948 983 990 constitutis
1023 961 1106 1002 qua
1135 945 1335 986 machina
1375 960 1601 986 accessura
1632 951 1722 985 erat
1753 959 1802 985 ea

286 1021 462 1075 regione
492 1032 661 1058 murum
691 1015 883 1073 pertudit
915 1021 956 1055 et
986 1014 1112 1056 iussit
1143 1028 1289 1055 omnes
1320 1012 1493 1070 publice
1525 1019 1566 1054 et
1596 1013 1801 1068 privatim

288 1087 402 1144 quod
440 1087 622 1142 quisque
659 1084 882 1125 habuisset
918 1097 1054 1138 aquae
1093 1082 1293 1123 stercoris
1330 1080 1411 1122 luti
1440 1095 1517 1136 per
1556 1095 1650 1121 eam
1686 1080 1802 1120 fene-

287 1162 419 1197 stram
450 1169 525 1210 per
556 1151 725 1193 canales
756 1150 1082 1209 progredientes
1114 1149 1331 1190 effundere
1358 1155 1457 1190 ante
1484 1163 1667 1206 murum.
1706 1162 1802 1188 cum

287 1223 349 1264 ibi
391 1236 547 1277 magna
590 1221 658 1261 vis
702 1233 837 1275 aquae
881 1218 963 1259 luti
1008 1219 1207 1259 stercoris
1253 1223 1378 1257 nocte
1419 1215 1595 1273 profusa
1632 1215 1801 1268 fuisset,

287 1296 459 1347 postero
498 1289 568 1330 die
604 1286 813 1343 helepolis
852 1286 1061 1327 accedens
1092 1291 1320 1340 antequam
1354 1283 1718 1340 adpropinquaret
1747 1282 1802 1322 ad

287 1373 455 1399 murum
466 1390 476 1411 7
514 1358 560 1397 in
588 1355 735 1396 umido
776 1355 982 1409 voragine
1013 1354 1128 1394 facta
1158 1352 1352 1394 consedit
1382 1366 1460 1392 nec
1490 1350 1694 1408 progredi
1724 1364 1804 1391 nec

287 1425 459 1481 regredi
503 1429 652 1481 postea
697 1423 851 1479 potuit.
911 1423 1055 1477 itaque
1094 1420 1343 1461 Demetrius
1383 1434 1479 1460 cum
1517 1418 1700 1460 vidisset
1737 1432 1802 1459 sa-

288 1493 451 1550 pientia
471 1491 681 1546 Diogneti
713 1505 757 1531 se
788 1490 1014 1545 deceptum
1046 1503 1152 1540 esse,
1186 1502 1281 1528 cum
1312 1486 1449 1528 classe
1481 1501 1557 1527 sua
1588 1486 1802 1526 discessit.

288 1568 390 1602 tunc
420 1559 579 1601 Rhodii
610 1557 819 1613 Diogneti
858 1555 1048 1598 sollertia
1085 1555 1258 1596 liberati
1295 1553 1408 1596 bello
1439 1553 1611 1609 publice
1640 1554 1802 1608 gratias

290 1634 469 1683 egerunt
516 1626 836 1681 honoribusque
874 1624 1071 1666 omnibus
1110 1638 1205 1664 eum
1245 1628 1286 1663 et
1324 1622 1583 1663 ornamentis
1624 1635 1802 1662 exorna-

289 1702 465 1748 verunt,
511 1694 754 1748 Diognetus
797 1707 889 1733 eam
927 1690 1158 1748 helepolim
1196 1689 1372 1731 reduxit
1409 1690 1454 1729 in
1491 1689 1642 1730 urbem
1682 1694 1722 1729 et
1758 1689 1804 1728 in

290 1762 463 1821 publico
505 1760 746 1803 conlocavit
791 1767 832 1801 et
877 1759 1097 1816 inscripsit
1141 1758 1399 1813 <Diognetus
1447 1771 1469 1797 e
1507 1756 1720 1798 manubiis
1758 1754 1804 1797 id

291 1979 487 2012 inminimis
513 1977 592 2009 fieri
616 1978 800 2009 videntur.
819 1979 891 2018 atq3
919 1976 1005 2008 eode
1026 1975 1164 2016 (—dem
1190 1973 1233 2015 E)
1260 1974 1362 2006 modo
1382 1973 1618 2004 inmaioribus
1641 1971 1802 2012 (.EcGL)

293 2036 329 2067 id
356 2035 442 2067 eode
459 2034 562 2065 modo
580 2033 700 2065 rhodii
719 2058 726 2066 .
739 2060 744 2066 .
756 2057 763 2064 .
784 2033 885 2064 ΕΘΗ
916 2033 970 2072 (L,
988 2033 1051 2063 sed
1066 2034 1095 2062 lc
1113 2034 1186 2071 atq3
1207 2030 1295 2061 code
1312 2030 1416 2061 modo
1433 2029 1551 2060 rhodii
1575 2028 1718 2070 [omissis
1734 2039 1805 2059 ver-

292 2093 341 2124 bis
359 2090 445 2123 code
458 2090 550 2120 —id
568 2094 603 2120 ul
619 2090 652 2120 in
665 2087 713 2129 [Ἰ.
733 2086 747 2130 Η
764 2091 783 2121 3
802 2089 963 2129 diognito
979 2088 1081 2118 ΕΘΗ
1097 2085 1154 2127 (L,
1169 2088 1231 2117 sed
1248 2087 1294 2117 Le
1312 2086 1494 2127 diogneto,
1510 2084 1694 2125 diogenito
1711 2083 1768 2123 Ic).
1787 2082 1800 2125 ΙΙ

292 2149 461 2180 fecerunt
485 2146 517 2177 E
544 2144 646 2186 ((·⁶lz):
673 2144 829 2176 fecerint
857 2144 924 2175 GH
948 2142 1030 2184 (LI).
1063 2141 1077 2185 [l
1109 2145 1236 2183 postea
1263 2152 1367 2183 quam
1392 2142 1429 2172 H
1455 2140 1548 2180 (Lle,
1574 2142 1649 2171 item
1674 2138 1803 2180 Ech):

293 2205 381 2257 p-tea
406 2216 473 2255 qua
497 2219 574 2245 ante
600 2223 689 2244 corr.
719 2212 761 2250 G,
788 2214 957 2253 preterea
984 2212 1050 2251 qua
1075 2214 1151 2241 ante
1176 2220 1267 2241 corr.
1295 2209 1337 2239 E.
1371 2205 1385 2250 Π
1415 2208 1436 2238 4
1461 2207 1729 2239 machinatione
1750 2231 1757 2237 .
1774 2231 1803 2238 ..

295 2272 505 2312 comparata
530 2280 609 2310 890:
634 2268 903 2300 machinatione
929 2266 1045 2307 (——em
1070 2265 1116 2306 E)
1144 2291 1151 2298 .
1172 2292 1177 2297 .
1198 2291 1204 2297 .
1233 2266 1430 2306 conparata
1455 2262 1572 2306 (mam
1591 2262 1636 2305 E)
1655 2263 1767 2294 EGH.
1787 2260 1801 2303 Η

294 2329 313 2358 6
339 2325 502 2368 diognssno
528 2326 575 2363 H,
600 2325 771 2367 diogneto
797 2324 872 2356 EG.
905 2321 919 2365 Η
953 2322 1128 2364 patriaeis
1148 2347 1155 2353 .
1175 2322 1287 2363 primo
1320 2321 1357 2352 H
1389 2319 1614 2361 (patria.eis
1645 2330 1677 2360 p.
1711 2319 1803 2355 Lleh,

272 2384 411 2425 ,patrie
437 2382 468 2413 Sc
495 2382 546 2413 eis
572 2392 605 2423 p.
630 2379 696 2422 720),
724 2380 933 2422 1)at1·ia.cis
959 2379 1071 2420 primo
1097 2377 1170 2410 EG.
1202 2375 1217 2419 ll
1250 2379 1267 2409 7
1294 2387 1331 2408 se
1365 2376 1401 2406 H
1426 2374 1586 2416 (GcLl0):
1620 2374 1679 2406 sed
1711 2374 1743 2405 E
1774 2378 1806 2405 et

295 2455 372 2481 ante
397 2459 487 2483 corr.
516 2449 554 2481 G.
585 2446 601 2491 l]
639 2450 765 2489 postca
791 2457 894 2488 quam
922 2447 957 2477 H
989 2444 1067 2486 (Llc
1097 2449 1129 2475 et
1154 2443 1285 2483 Ech):
1323 2433 1411 2484 p-tea
1437 2444 1528 2483 aqui-2
1553 2446 1630 2473 ante
1655 2452 1745 2473 corr.
1768 2441 1805 2480 G,

297 2520 464 2559 preterea
502 2517 569 2556 qua
607 2519 683 2547 ante
720 2525 808 2546 corr.
840 2514 872 2544 E
909 2512 1117 2554 (compendio
1146 2512 1279 2542 insolito
1306 2500 1344 2551 pt
1367 2520 1431 2550 pro
1449 2505 1576 2550 sJ—sz'c
1596 2509 1731 2540 Gc——et
1755 2508 1807 2538 hic

297 2578 329 2605 et
351 2584 457 2614 supra
481 2575 563 2603 male
589 2572 754 2602 intellecto
780 2575 811 2600 et
836 2580 856 2599 (ι
884 2570 928 2600 (1¹⁶
953 2574 984 2600 et
1009 2568 1050 2599 ab
1074 2569 1146 2608 ipso
1172 2566 1232 2605 E).
1259 2563 1273 2608 ss
1305 2568 1324 2597 9
1350 2565 1531 2606 coepisset
1555 2565 1594 2595 II
1617 2563 1720 2604 (Lle),
1748 2574 1806 2605 ce-

299 2630 412 2671 pisset
437 2628 516 2666 EG,
542 2633 577 2659 ut
600 2637 714 2667 saepe.
739 2623 752 2667 Ι]
778 2627 817 2656 10
842 2626 877 2656 Is
896 2626 931 2656 ll
949 2624 1058 2665 (Lle):
1084 2623 1151 2654 His
1170 2622 1232 2653 EG
1251 2620 1339 2661 (LC).
1368 2618 1382 2663 Η
1416 2622 1455 2651 12
1474 2630 1587 2660 aquae
1614 2621 1682 2651 eds
1710 2629 1806 2659 aqua

299 2696 410 2727 EGH.
441 2693 458 2737 Η
490 2697 530 2727 15
556 2692 749 2735 heliopolis
782 2692 893 2724 ΕΘΗ,
927 2688 940 2733 Η
975 2693 1013 2722 17
1047 2689 1188 2731 regredi
1218 2689 1311 2721 ·loc.:
1352 2686 1477 2728 egredi
1507 2687 1618 2719 EGH.
1652 2683 1666 2728 Η
1697 2675 1736 2727 p't
1763 2696 1805 2716 ea

298 2769 374 2794 (mle
400 2774 489 2795 corr.
517 2754 615 2803 (swa)
637 2761 673 2797 G,
701 2762 828 2801 postea
856 2758 935 2791 Ell.
969 2756 982 2799 Η
1017 2759 1056 2789 18
1082 2754 1243 2798 diogneti
1269 2754 1371 2794 (—&1
1388 2754 1437 2793 H)
1465 2755 1517 2785 hic·
1541 2757 1632 2785 recte
1648 2746 1806 2783 scr-ibitur

300 2821 331 2849 in
360 2819 459 2849 EGH
484 2817 574 2857 (ilem
598 2828 626 2851 v,
654 2818 705 2848 19.
731 2817 787 2848 21.
815 2816 885 2854 22).
918 2812 932 2855 {l
969 2815 1008 2844 ‘21
1043 2811 1228 2853 diognssms
1255 2809 1393 2850 (—etus
1421 2809 1570 2848 Effl‘ez‘z
1595 2807 1806 2848 heliopolim

303 2874 411 2904 Elill.
442 2872 458 2914 ’,ᾖ
490 2875 530 2903 22
557 2871 734 2903 manubiis
761 2868 838 2910 (sie)
867 2870 902 2903 (γ’,
931 2869 1105 2899 manubiis
1135 2868 1168 2898 ΙΙ
1194 2867 1255 2906 (L,
1284 2865 1450 2896 manibus
1478 2863 1568 2905 [—b;
1594 2861 1617 2904 l]
1646 2862 1701 2903 le),
1731 2872 1805 2894 ma-

301 2930 406 2959 nibus
433 2929 472 2961 Ε,
