1899 3322
595 246 656 276 DE
688 246 1044 277 ARCHlTECTURA
1076 246 1168 276 Lm.
1202 245 1248 276 11.
1630 234 1684 275 35

414 311 425 331 ἱ

161 349 391 391 arboribus
432 355 675 399 statuentes
708 348 763 388 ad
803 348 1159 404 perpendiculum
1199 350 1380 389 imarum
1412 348 1599 405 educunt
1629 347 1681 387 ad

158 416 435 459 altitudinem
465 424 629 469 turres,
670 415 1003 471 intervallaque,
1045 431 1152 470 quae
1182 415 1482 471 relinquuntur
1511 422 1687 471 propter

160 485 493 526 crassitudinem
514 473 733 538 materiae,
765 483 944 524 schidiis
968 489 1009 522 et
1030 482 1120 523 luto
1142 483 1384 524 obstruunt.
1430 484 1534 524 item
1555 490 1683 536 tecta7

157 553 399 593 recidentes
437 552 491 593 ab
532 559 724 593 extremo
763 558 971 603 transtra7
1019 551 1226 613 traiciunt
1265 551 1480 605 gradatim
1518 559 1683 593 contraa-

159 620 332 674 hentes,
376 627 417 661 et
449 621 507 661 ita
541 635 595 660 ex
627 626 830 675 quattuor
865 617 1062 674 partibus
1102 617 1156 657 ad
1193 617 1468 658 altitudinem
1499 619 1686 660 educunt

159 688 301 729 medio
331 695 483 740 metas,
517 702 621 744 quas
651 687 805 728 fronde
837 692 878 726 et
909 685 997 726 luto
1027 692 1222 740 tegentes
1245 685 1438 726 efficiunt
1460 686 1686 727 barbarico

158 770 277 797 more
299 755 565 796 testudinata
586 755 768 795 turrium
790 761 917 794 tecta.
969 752 1166 809 Phryges
1192 767 1308 805 vero,
1342 754 1415 808 qui
1437 755 1684 809 campestri-

159 823 240 864 bus
272 822 376 863 locis
409 830 508 864 sunt
538 822 804 874 habitantes,
844 827 1020 878 propter
1050 821 1239 876 inopiam
1272 819 1479 861 silvarum
1511 829 1685 876 egentes

162 892 343 932 materia
375 890 540 945 eligunt
570 889 758 931 tumulos
789 888 1007 929 naturales
1040 903 1197 944 eosque
1219 887 1383 929 medios
1407 889 1576 930 fossura
1599 889 1684 929 dis-

159 960 346 1000 tinentes
379 965 419 998 et
450 958 605 999 itinera
644 956 936 1014 perfodientes
976 955 1160 997 dilatant
1199 957 1335 1012 spatia
1376 963 1581 1012 quantum
1612 972 1684 997 na-

160 1034 256 1067 tura
286 1025 368 1067 loci
400 1026 575 1082 patitur.
635 1026 812 1080 insuper
838 1031 986 1065 autem
1025 1024 1193 1079 stipites
1233 1025 1346 1064 inter
1377 1038 1423 1064 se
1453 1024 1685 1079 religantes

160 1100 295 1135 metas
328 1093 536 1146 efficiunt,
569 1107 674 1148 quas
706 1091 1022 1132 harundinibus
1055 1098 1096 1131 et
1128 1092 1354 1132 sarmentis
1385 1098 1580 1146 tegentes
1613 1107 1685 1133 ex-

159 1168 368 1217 aggerant
406 1175 533 1216 supra
572 1160 861 1200 habitationes
901 1174 922 1199 e
960 1166 1072 1200 terra
1119 1160 1331 1200 maximos
1378 1174 1566 1214 grumos.
1627 1161 1685 1200 ita

160 1229 322 1270 hiemes
355 1226 658 1280 calidissimas7
690 1233 876 1268 aestates
908 1226 1216 1280 frigidissimas
1250 1226 1443 1267 efficiunt
1474 1234 1686 1269 tectorum

159 1297 361 1338 rationes.
412 1294 608 1336 nonnulli
640 1309 695 1335 ex
724 1294 825 1335 ulva
855 1293 1040 1351 palustri
1071 1301 1331 1350 componunt
1362 1296 1535 1349 tuguria
1557 1302 1684 1336 tecta.

161 1364 276 1420 apud
318 1370 482 1404 ceteras
524 1377 692 1419 quoque
731 1370 881 1417 gentes
915 1370 955 1403 et
987 1361 1191 1403 nonnulla
1222 1361 1315 1403 loca
1346 1363 1440 1418 pari
1471 1361 1686 1418 similique

160 1432 326 1472 ratione
349 1446 543 1472 casarum
566 1430 847 1486 perficiuntur
877 1431 1224 1471 constitutiones.
1284 1444 1371 1470 non
1391 1431 1533 1470 minus
1557 1431 1686 1470 etiam

160 1498 382 1540 Massiliae
412 1497 758 1539 animadvertere
788 1513 1016 1553 possumus
1049 1498 1142 1537 sine
1173 1496 1348 1551 tegulis,
1382 1497 1559 1538 subacta
1591 1512 1685 1538 cum

161 1565 295 1622 paleis
327 1574 463 1618 terra,
504 1572 630 1606 tecta.
691 1565 877 1606 Athenis
909 1565 1129 1621 Areopagi
1160 1565 1433 1620 antiquitatis
1467 1564 1688 1620 exemplar

160 1634 215 1674 ad
237 1633 317 1674 hoc
337 1640 507 1690 tempus
529 1632 617 1674 luto
639 1640 814 1673 tectum.
875 1633 978 1673 item
1007 1633 1052 1672 in
1075 1631 1290 1688 Capitolio
1320 1632 1686 1674 commonefacere
1740 1642 1749 1671 ἴ

161 1707 303 1757 potest
334 1708 376 1742 et
408 1701 654 1755 significare
684 1715 822 1740 mores
852 1701 1085 1750 yetustatis
1109 1699 1282 1740 Romuli
1313 1714 1409 1740 casa
1443 1711 1483 1740 et
1515 1701 1558 1740 in
1589 1715 1686 1740 arce

162 1783 376 1810 sacrorum
411 1769 655 1809 stramentis
687 1774 813 1808 tecta.
873 1769 934 1808 ita
965 1768 1030 1807 his
1063 1768 1200 1822 signis
1233 1768 1284 1808 de
1316 1768 1504 1822 antiquis
1536 1769 1684 1807 inven—

160 1836 350 1877 tionibus
397 1836 692 1877 aedificiorum
737 1836 798 1875 sic
837 1849 884 1874 ea
923 1834 1059 1875 fuisse
1106 1836 1413 1876 ratiocinantes
1458 1850 1685 1890 possumus

160 1903 366 1944 iudicare.

277 1971 386 2012 Cum
424 1978 565 2011 autem
607 1970 766 2011 cotidie
803 1969 1002 2011 faciendo
1040 1971 1231 2012 tritiores
1270 1985 1421 2011 manus
1452 1969 1508 2010 ad
1538 1969 1684 2010 aedifi-

164 2038 347 2079 candum
384 2038 668 2094 perfecissent
707 2045 748 2078 et
786 2037 975 2079 sollertia
1005 2039 1179 2092 ingenia
1211 2037 1451 2079 exercendo
1482 2052 1559 2094 per
1589 2052 1683 2077 con-

163 2107 438 2148 suetudinem
476 2105 531 2146 ad
570 2113 684 2147 artes
724 2107 1054 2162 pervenissent,
1092 2113 1183 2146 tum
1223 2107 1351 2146 etiam
1388 2105 1601 2146 industria
1642 2107 1685 2145 111

163 2175 317 2216 animis
356 2188 502 2215 eorum
539 2173 709 2215 adiecta
745 2173 926 2230 perfecit
963 2180 1011 2213 ut
1042 2174 1115 2228 qui
1146 2173 1319 2213 fuerunt
1350 2174 1394 2213 in
1424 2173 1492 2214 his
1524 2173 1684 2214 studio-

254 2382 274 2412 3
300 2379 469 2411 schidiis:
495 2381 543 2411 sie
563 2380 639 2413 GH.
664 2377 678 2422 Η
699 2381 719 2410 4
739 2380 783 2411 ab
804 2382 964 2411 extremo
983 2389 1062 2420 890:
1090 2378 1319 2411 adextremos
1347 2380 1422 2410 GH.
1447 2376 1462 2420 Η
1485 2380 1503 2409 9
1531 2378 1684 2409 materia

167 2438 210 2467 G:
238 2436 414 2468 materiae
441 2437 477 2467 ll
504 2436 607 2478 (Lle).
641 2434 656 2478 Η
689 2446 821 2477 eorque
840 2435 883 2477 (22)
910 2441 987 2467 unte
1012 2446 1101 2467 corr.
1131 2437 1157 2466 (1'
1183 2438 1214 2475 (s
1238 2437 1271 2467 in
1297 2446 1364 2466 ras.
1395 2435 1464 2474 GC).
1494 2432 1509 2475 Η
1541 2434 1683 2465 forsura

168 2494 194 2523 (ι’
220 2492 379 2532 (fossura
407 2492 484 2532 G⁶):
511 2492 677 2524 fossurae
703 2491 808 2532 1100,
837 2491 930 2522 —rav
964 2491 1020 2532 L).
1053 2489 1067 2534 Η
1100 2492 1317 2523 distinentes
1343 2492 1444 2522 Lon:
1477 2489 1684 2521 detinentes

168 2548 243 2579 (1'H.
277 2547 291 2590 Η
332 2550 372 2579 10
399 2552 573 2589 quantum
607 2548 642 2579 ΙΙ
669 2548 780 2589 (],Ι(’);
814 2549 1026 2587 inquantum
1054 2548 1092 2579 G.
1131 2546 1146 2590 Η
1180 2549 1219 2578 1-2
1252 2558 1341 2588 quas
1377 2548 1403 2577 G
1435 2545 1518 2587 (l1‹'):
1553 2556 1622 2586 qua
1648 2546 1684 2576 H

167 2604 292 2645 (Llcle).
325 2601 340 2646 Η
374 2608 602 2646 exaggerant
633 2605 680 2635 L:
720 2603 996 2646 exaggerabant
1028 2604 1095 2635 GH
1120 2603 1190 2644 (lc).
1225 2602 1239 2646 Η
1280 2606 1318 2634 13
1349 2602 1604 2633 habitaciones
1638 2602 1681 2631 G:

168 2661 324 2692 -tionis
350 2661 386 2691 H
412 2658 516 2702 (Lle).
549 2658 564 2702 Η
597 2670 738 2692 crumos
766 2661 842 2693 GH.
878 2658 892 2701 Η
925 2661 966 2691 14
990 2659 1109 2691 hieme
1225 2662 1367 2690 aestate
1394 2659 1440 2689 [μ’.
1471 2655 1485 2698 Η
1524 2656 1683 2688 callidis-

167 2717 278 2748 simas
303 2721 380 2748 ante
405 2726 474 2748 ras.
502 2717 548 2748 ΙΙ.
583 2714 597 2758 Η
630 2719 792 2748 aestates
820 2718 856 2753 (i,
885 2716 1038 2747 aestatis
1065 2716 1101 2747 H
1126 2715 1229 2756 (Lle).
1257 2713 1271 2756 Η
1304 2714 1467 2746 efficiunt
1495 2715 1540 2743 (1':
1567 2713 1683 2744 efficit

169 2773 206 2803 H
230 2772 336 2813 (Mc).
365 2770 380 2815 Η
413 2774 453 2803 15
479 2772 618 2814 tiguria
642 2777 720 2804 ante
745 2783 835 2806 corr.
863 2772 906 2802 Il.
942 2769 956 2813 Η
990 2774 1029 2803 19
1048 2772 1215 2813 ariopagi
1244 2771 1280 2802 G.
1315 2768 1328 2808 Η
1361 2771 1403 2800 20
1420 2779 1602 2800 commone
1629 2769 1682 2799 fa-

168 2838 250 2859 eere
277 2826 597 2868 (colmonefacere
626 2828 667 2869 G)
696 2829 762 2860 GH
789 2829 859 2867 (Le,
888 2837 1074 2859 commune
1101 2828 1226 2859 facere
1252 2829 1281 2857 lc
1312 2831 1344 2856 el
1369 2831 1446 2856 ante
1472 2835 1560 2856 corr.
1587 2824 1645 2865 L).
1665 2823 1680 2866 l.

168 2885 208 2915 21
234 2884 430 2916 vetustatis
457 2884 566 2926 G(l1):
592 2887 692 2915 —tes
720 2885 754 2916 H
780 2882 882 2924 (Llcj).
912 2882 927 2925 Η
958 2883 1177 2915 romulicosa
1203 2887 1279 2913 ante
1305 2892 1394 2912 corr.
1424 2882 1460 2912 (i.
1501 2878 1515 2922 Η
1552 2882 1595 2912 25
1620 2881 1683 2911 tri-

168 2940 280 2972 tiores
308 2940 351 2971 G:
377 2940 522 2972 tritores
551 2941 584 2971 ΙΙ
611 2939 713 2980 (lde).
743 2938 758 2982 Η
790 2941 831 2970 26
857 2940 995 2981 ingenii
1025 2941 1061 2969 [ι’.
1096 2936 1110 2980 Η
1143 2939 1184 2969 ’28
1210 2937 1389 2968 studiorcs
1415 2941 1493 2967 {mle
1517 2947 1608 2967 corr.
1638 2936 1681 2967 ll.

1357 2991 1414 3032 3*

1711 628 1730 657 5

1715 966 1754 994 10

1717 1304 1754 1334 15
