1899 3322
115 1609 155 1640 10

610 218 670 247 DE
701 218 1055 248 ARcfflTEc'rURA
1091 220 1180 249 ΜΒ.
1214 221 1274 250 v1.
1619 211 1696 251 137

182 319 539 360 animadvertere.
599 318 751 360 calices
783 319 867 360 duo
889 320 932 359 in
954 335 1038 361 una
1060 320 1232 362 fornace
1254 336 1388 377 aeque
1411 323 1519 364 cocti
1541 337 1696 378 aequo-

184 402 267 443 que
305 387 496 443 pondere
532 386 590 427 ad
626 387 921 442 crepitumque
958 402 1042 427 uno
1073 389 1215 429 sonitu
1247 396 1482 431 sumantur.
1544 406 1597 431 ex
1629 390 1696 432 his

183 470 291 495 unus
330 455 374 494 in
410 469 563 510 aquam
601 453 872 506 demittatur,
918 460 1065 509 postea
1098 469 1152 495 ex
1182 470 1292 511 aqua
1323 458 1556 511 eximatur,
1595 465 1697 499 tune

183 522 354 578 utrique
384 528 628 576 tangantur.
679 535 777 561 cum
808 522 922 561 enim
950 521 1009 561 ita
1031 521 1189 562 factum
1212 522 1356 575 fuerit,
1388 523 1566 578 largiter
1586 526 1698 566 inter

184 603 255 630 eos
287 590 450 630 sonitus
482 588 746 645 discrepabit
775 602 996 644 aequoque
1027 588 1215 644 pondere
1247 605 1331 631 non
1362 598 1561 646 poterunt
1589 607 1695 634 esse.

182 657 242 696 ita
273 663 314 697 et
345 656 564 697 hominum
596 670 772 711 corpora
801 670 886 697 uno
908 669 1066 709 genere
1088 655 1358 710 figurationis
1382 665 1422 699 et
1443 674 1524 699 una
1548 660 1697 700 mundi

183 724 482 765 coniunctione
520 729 724 778 concepta
754 722 838 763 alia
869 729 1044 778 propter
1073 724 1262 778 regionis
1294 724 1493 765 ardorem
1523 734 1696 768 acutum

182 791 382 846 spiritum
420 791 533 831 aeris
573 791 819 846 exprimunt
857 796 995 842 tactu,
1040 789 1123 831 alia
1161 798 1336 847 propter
1373 793 1531 833 umoris
1563 794 1695 835 abun-

182 858 373 898 dantiam
402 858 684 912 gravissimas
717 857 941 898 effundunt
972 872 1172 898 sonorum
1204 858 1448 913 qualitates.

293 925 405 966 Item
443 932 619 982 propter
655 926 909 966 tenuitatem
954 923 1061 964 caeli
1105 925 1370 966 meridianae
1408 929 1600 968 nationes
1644 943 1696 969 ex

179 999 305 1033 acuta
335 992 507 1034 fervore
536 999 678 1033 mente
710 991 956 1047 expeditius
989 991 1256 1049 celeriusque
1276 1001 1504 1035 moventur
1523 995 1578 1036 ad
1601 1010 1696 1036 con—

181 1059 375 1101 siliorum
406 1061 700 1114 cogitationes.
763 1058 1118 1115 septentrionales
1159 1066 1302 1101 autem
1339 1068 1490 1116 gentes
1530 1063 1698 1104 infusae

180 1127 467 1168 crassitudine
488 1127 610 1181 caeli,
641 1134 816 1183 propter
837 1126 1098 1167 obstantiam
1118 1128 1229 1168 aeris
1251 1143 1398 1170 umore
1419 1129 1698 1184 refrigeratae

180 1201 402 1250 stupentes
434 1194 595 1236 habent
625 1202 804 1236 mentes.
865 1196 945 1236 hoc
975 1202 1116 1236 autem
1148 1196 1209 1236 ita
1240 1210 1334 1236 esse
1371 1211 1395 1236 a
1425 1197 1696 1252 serpentibus

179 1260 279 1302 licet
299 1262 506 1317 aspicere,
531 1277 638 1318 quae
659 1277 734 1318 per
756 1263 938 1304 calorem
961 1278 1056 1304 cum
1079 1262 1334 1304 exhaustam
1355 1263 1515 1306 habent
1536 1266 1697 1306 umoris

178 1328 565 1384 refrigerationem,
596 1336 699 1370 tunc
727 1332 932 1371 acerrime
954 1336 1193 1384 moventur,
1226 1346 1303 1386 per
1323 1331 1534 1373 brumalia
1553 1339 1695 1373 autem

181 1402 221 1436 et
251 1395 432 1436 hiberna
464 1403 655 1453 tempora
685 1397 740 1437 ab
771 1398 1007 1439 mutatione
1038 1397 1145 1438 caeli
1175 1398 1480 1453 refrigeratae,
1512 1399 1698 1441 inmotae

180 1469 279 1504 sunt
309 1469 496 1519 stupore.
556 1465 617 1505 ita
648 1480 733 1505 non
764 1471 828 1506 est
858 1465 1123 1515 mirandum,
1156 1466 1193 1506 si
1221 1467 1433 1507 acutiores
1466 1466 1599 1508 efficit
1631 1482 1697 1507 ca-

179 1529 292 1571 lidus
323 1545 397 1570 aer
426 1531 647 1572 hominum
677 1539 857 1586 mentes,
889 1532 1171 1588 refrigeratus
1202 1539 1345 1573 autem
1368 1540 1517 1574 contra
1538 1534 1696 1576 tardio-

178 1611 261 1638 res.
319 1613 416 1638 cum
447 1599 534 1639 sint
563 1605 707 1640 autem
737 1599 1001 1641 meridianae
1031 1601 1227 1640 nationes
1259 1600 1414 1641 animis
1436 1602 1696 1643 acutissimis

178 1664 432 1721 infinitaque
463 1665 654 1707 sollertia
684 1667 973 1720 consiliorum,
1006 1666 1134 1708 simul
1158 1666 1213 1706 ad
1234 1667 1533 1708 fortitudinem
1555 1669 1696 1723 ingre-

180 1731 358 1773 diuntur
387 1733 449 1773 ibi
481 1735 786 1787 succumbunt,
827 1734 941 1790 quod
979 1734 1138 1775 habent
1170 1742 1369 1775 exsuctas
1401 1735 1454 1776 ab
1487 1735 1575 1777 sole
1605 1737 1694 1777 ani-

180 1814 344 1840 morum
377 1800 572 1842 virtutes.
633 1803 705 1858 qui
735 1816 836 1843 vero
867 1800 1135 1856 refrigeratis
1167 1808 1402 1843 nascuntur
1432 1803 1694 1857 regionibus,

179 1866 235 1907 ad
265 1881 478 1908 armorum
510 1868 825 1910 vehementiam
856 1869 1093 1925 paratiores
1126 1876 1224 1909 sunt
1263 1871 1429 1924 magnis
1462 1871 1695 1913 virtutibus

180 1933 273 1975 sine
302 1934 469 1987 timore,
502 1935 578 1976 sed
607 1935 813 1977 tarditate
842 1937 975 1977 animi
1006 1937 1098 1976 sine
1129 1936 1447 1978 considerantia
1476 1939 1694 1979 inruentes
1721 1949 1757 1975 Μ·

180 2001 272 2041 sine
303 2000 495 2042 sollertia
534 2004 622 2044 suis
663 2003 853 2045 consiliis
892 2004 1179 2058 refragantur.
1240 2018 1335 2044 cum
1368 2019 1469 2060 ergo
1500 2006 1603 2046 haec
1635 2008 1694 2047 ita

179 2069 266 2109 sint
295 2069 350 2109 ab
380 2075 533 2110 natura
562 2085 702 2112 rerum
733 2071 777 2112 in
808 2071 968 2112 mundo
999 2070 1220 2113 conlocata
1251 2078 1292 2113 et
1323 2087 1468 2113 omnes
1500 2074 1694 2115 nationes

179 2134 460 2177 inmoderatis
491 2138 774 2180 mixtionibus
807 2139 1073 2195 disparatae,
1112 2153 1238 2180 veros
1270 2140 1383 2181 inter
1414 2141 1601 2195 spatium
1632 2148 1692 2183 to-

270 2341 289 2370 2
314 2343 477 2372 sumatur
502 2341 535 2372 E
560 2340 640 2382 (non
661 2341 712 2383 G).
736 2339 750 2383 ΙΙ
774 2343 792 2373 3
818 2342 1028 2374 demittatur
1054 2344 1090 2375 H
1114 2342 1240 2385 (GcL):
1267 2344 1471 2375 dimittatur
1498 2344 1561 2374 EG
1586 2342 1655 2385 (Ic).
1688 2344 1690 2380 1'

179 2397 198 2427 ὃ
225 2395 451 2438 discrepabit
476 2397 540 2429 EG
564 2395 644 2438 (L):
677 2397 824 2438 —pauit
850 2398 887 2428 H
916 2399 1085 2440 (—paiiit
1106 2402 1129 2435 l,
1158 2404 1291 2442 —pant
1321 2401 1386 2441 cle).
1419 2398 1433 2441 ΙΙ
1465 2402 1483 2429 (3
1511 2400 1692 2431 hominum

182 2461 336 2492 corpora
362 2452 398 2483 H
421 2452 530 2494 (Llc):
568 2463 721 2494 corpora
751 2454 932 2485 hominum
964 2455 1037 2486 EG.
1070 2453 1085 2497 ΙΙ
1118 2458 1156 2487 11
1185 2460 1294 2487 acuta
1318 2458 1355 2487 H
1380 2455 1456 2495 (lc):
1491 2459 1597 2486 acuto
1631 2456 1693 2487 EG

183 2506 254 2547 (L).
287 2504 302 2548 ΙΙ
335 2508 375 2538 13
400 2508 587 2540 obstantiu
607 2508 648 2540 E.
681 2506 695 2551 [1
730 2511 768 2541 17
795 2509 840 2541 ab
859 2511 1074 2542 mutatione:
1100 2513 1149 2542 sic
1168 2512 1278 2544 EGH.
1310 2510 1324 2555 Η
1351 2512 1592 2553 refrigeratae
1619 2512 1692 2542 e‹I.:

180 2566 264 2594 —ta
289 2562 402 2595 EGH.
435 2562 449 2604 Η
481 2564 652 2596 immotae
686 2567 758 2596 ecl.:
795 2566 933 2597 inmota
959 2566 1062 2598 EGII
1084 2566 1177 2607 (Llc,
1204 2569 1342 2599 immoti
1369 2567 1440 2608 GC).
1473 2564 1487 2609 ss
1519 2568 1558 2598 21
1587 2567 1691 2597 simul

182 2619 218 2649 ll
243 2616 354 2659 (Llc):
379 2619 487 2651 simul
513 2623 552 2651 ut
576 2620 650 2654 EG.
684 2619 698 2663 Η
731 2623 773 2652 ‘22
800 2625 970 2653 exsuctas
995 2621 1163 2662 (cxuctas
1188 2624 1257 2664 Hc)
1285 2624 1354 2654 EIl
1381 2622 1559 2663 (cxiuctas
1584 2625 1604 2659 I,
1633 2633 1692 2653 ex-

182 2674 307 2706 subtas
332 2676 373 2714 L,
401 2679 550 2707 exustas
574 2676 663 2717 celo:
691 2680 816 2709 exutas
845 2680 882 2711 (i.
914 2676 929 2719 Η
960 2680 1003 2709 24
1021 2679 1216 2711 virtutibus
1242 2680 1320 2711 siue
1349 2680 1376 2710 L
1403 2678 1474 2720 (qui
1496 2680 1560 2709 sie:
1589 2689 1692 2719 para-

182 2731 292 2762 tiores
321 2734 426 2762 sunt.
443 2731 582 2773 magnis
619 2733 836 2765 virtutibus.
853 2734 930 2765 siue
966 2734 1092 2766 timore
1113 2760 1120 2768 .
1138 2735 1201 2767 sed
1236 2760 1242 2766 .
1263 2760 1268 2766 .
1289 2736 1328 2773 .):
1374 2734 1568 2766 virtutibus
1609 2738 1692 2765 sunt

182 2786 259 2817 siue
287 2786 387 2818 EGII
412 2785 482 2828 (lc).
515 2785 529 2829 {l
560 2789 603 2820 ’26
628 2789 862 2832 refragantur
888 2791 969 2821 Gll:
1003 2791 1262 2833 refranguntur
1296 2791 1334 2821 E.
1369 2788 1383 2831 ΙΙ
1415 2801 1500 2829 crgo
1539 2789 1629 2820 haee
1657 2791 1691 2820 ΙΙ

183 2841 290 2882 (Llc):
330 2842 422 2875 haec
454 2854 538 2885 ergo
567 2844 638 2878 EG.
670 2842 684 2887 Η
721 2847 762 2876 27
789 2849 824 2876 et
853 2869 860 2877 .
879 2868 887 2876 .
906 2870 913 2878 .
941 2846 1175 2878 mixtionibus
1201 2847 1432 2887 disparatae:
1458 2847 1506 2876 sie
1533 2845 1644 2878 EGII.
1673 2843 1688 2885 ll

182 2897 223 2928 28
248 2907 352 2929 veros
378 2899 426 2932 Is.
458 2900 572 2931 Vasa:
599 2910 685 2932 vero
713 2901 828 2946 EGll.

1722 602 1742 631 5

1727 938 1765 966 10

1726 1273 1765 1302 15

1722 1610 1764 1640 20
