1899 3322
596 226 658 257 DE
688 226 1043 257 ARcfflTEeTURA
1075 226 1166 256 ms.
1198 225 1259 256 v1.
1606 214 1680 254 131

169 330 409 386 spectantia
447 329 635 369 maxime
673 327 729 368 ad
767 328 1118 383 septentritmem.
1190 341 1288 367 nam
1325 326 1590 367 meridianae
1620 340 1684 366 re-

171 399 319 452 giones
358 403 533 452 propter
576 401 721 436 aestus
769 395 926 435 cariem
970 394 1130 434 tineam
1175 394 1390 434 teredines
1434 393 1685 448 reliquaque

170 465 406 506 bestiarum
435 464 681 505 nocentium
710 476 869 516 genera
889 467 1116 516 procreant
1143 460 1382 515 alendoque
1413 467 1684 514 conservant,

170 546 303 587 eaque
347 530 544 571 aedificia
587 531 763 570 minime
805 537 905 570 sunt
948 527 1216 568 materianda
1257 535 1430 583 propter
1469 528 1682 568 incendia.

170 599 223 640 de
260 597 632 653 magnitudinibus
670 603 814 637 autem
854 596 991 636 finitio
1029 594 1148 635 nulla
1186 595 1315 635 debet
1356 609 1468 646 esse,
1508 596 1584 636 sed
1623 596 1684 636 fa-

170 666 328 707 ciunda
357 665 412 705 ad
440 665 675 705 maximum
706 664 883 704 navium
913 662 1101 715 modum,
1132 663 1196 703 uti
1228 663 1309 702 etsi
1340 663 1522 703 maiores
1553 677 1686 703 naves

169 732 407 774 subductae
437 732 612 784 fuerint,
643 731 830 772 habeant
859 729 956 771 cum
987 729 1231 770 laxamento
1252 729 1314 769 ibi
1337 728 1685 770 conlocationem.

282 799 405 852 Quae
434 800 679 841 necessaria
708 799 764 839 ad
794 797 1026 839 utilitatem
1057 798 1102 837 in
1132 796 1384 838 civitatibus
1416 796 1687 851 publicorum

169 867 355 910 locorum
409 880 658 909 succurrere
710 865 817 906 mihi
870 870 1122 920 potuerunt,
1176 863 1536 919 quemadmodum
1590 879 1686 904 con-

170 937 403 978 stituantur
434 941 475 976 et
506 933 783 990 perficiantur
813 933 859 972 in
878 931 959 973 hoc
980 930 1198 972 volumine
1219 931 1388 986 scripsi,
1421 932 1688 986 privatorum

168 1010 313 1044 autem
342 1002 636 1043 aedificiorum
667 999 877 1041 utilitates
911 1005 952 1040 et
984 1013 1129 1039 eorum
1151 998 1424 1054 symmetrias
1445 999 1690 1053 insequenti

169 1070 389 1112 volumine
419 1069 723 1110 ratiocinabor.

584 1238 864 1285 LIBER
924 1235 1287 1285 SEXTUS.

283 1352 535 1406 Aristippus
566 1349 847 1405 philosophus
872 1348 1114 1390 Socraticus
1145 1347 1371 1401 naufragio
1403 1361 1499 1386 cum
1530 1347 1690 1388 eiectus

171 1418 226 1458 ad
264 1417 578 1458 Rhodiensium
615 1417 717 1458 litus
757 1415 1135 1457 animadvertisset
1173 1415 1435 1469 geometrica
1472 1414 1690 1455 schemata

173 1485 404 1540 descripta,
438 1484 751 1525 exclamavisse
787 1483 843 1524 ad
883 1484 1058 1524 comites
1098 1483 1158 1523 ita
1198 1482 1355 1522 dicitur
1392 1482 1517 1522 ‘bene
1548 1496 1689 1537 spere-

172 1568 287 1605 mus,
326 1552 549 1593 hominum
588 1553 702 1592 enim
732 1551 920 1605 vestigia
950 1550 1093 1590 video>
1140 1550 1371 1604 statimque
1409 1550 1454 1589 in
1485 1549 1690 1604 oppidum

172 1619 372 1661 Rhodum
411 1619 633 1661 contendit
671 1625 712 1659 et
748 1625 866 1659 recta
903 1617 1177 1673 gymnasium
1216 1616 1417 1669 devenit,
1458 1616 1605 1670 ibique
1637 1616 1690 1656 de

172 1686 444 1743 philosophia
475 1687 700 1742 disputans
732 1685 982 1726 muneribus
1015 1692 1078 1725 est
1109 1683 1305 1735 donatus,
1337 1690 1382 1723 ut
1410 1697 1494 1723 non
1523 1690 1690 1723 tantum

174 1769 220 1794 se
266 1760 437 1794 ornaret
481 1753 555 1794 sed
604 1755 733 1794 etiam
779 1754 840 1793 eis
887 1753 959 1807 qui
1006 1766 1092 1791 una
1130 1751 1303 1790 fuerunt
1342 1756 1382 1790 ct
1414 1751 1617 1790 vestitum
1650 1756 1723 1791 et-

175 1828 317 1862 cetera
356 1835 464 1876 quae
502 1836 606 1876 opus
648 1826 792 1861 essent
829 1819 884 1860 ad
914 1820 1078 1860 victum
1108 1823 1359 1873 praestaret.
1421 1831 1517 1857 011111
1547 1824 1691 1857 autem

176 1890 266 1929 eius
306 1889 482 1929 comites
520 1889 566 1928 in
603 1888 787 1943 patriam
824 1887 984 1926 reverti
1022 1885 1261 1926 voluissent
1291 1885 1691 1939 interrogarentque

176 1971 271 1996 eum
310 1955 514 2011 quidnam
552 1954 684 1996 vellet
723 1955 895 1995 domum
932 1953 1190 2005 renuntiari,
1229 1957 1333 1991 tunc
1370 1952 1430 1992 ita
1469 1950 1692 1991 mandavit

177 2023 342 2077 dicere,
384 2022 596 2064 eiusmodi
626 2023 917 2078 possessiones
950 2027 991 2061 et
1021 2020 1181 2060 viatica
1212 2018 1359 2059 liberis
1391 2024 1587 2074 oportere
1608 2018 1690 2073 'pa-

174 2092 260 2132 rari
297 2105 404 2146 quae
442 2092 570 2131 etiam
610 2105 632 2130 e
662 2090 889 2143 naufragio
926 2103 1012 2129 una
1048 2094 1223 2143 possent
1263 2091 1448 2126 enatare.
1508 2100 1724 2140 namque·

130 2174 149 2205 2
177 2173 226 2198 ea
255 2173 357 2200 vera
387 2157 603 2213 praesidia
634 2164 733 2198 sunt
763 2158 880 2197 vitae
903 2155 1058 2211 quibus
1079 2169 1219 2209 neque
1240 2153 1438 2193 fortunae
1460 2159 1690 2207 tempestas

176 2227 323 2280 iniqua
354 2239 493 2279 neque
524 2223 794 2280 publicarum
824 2238 967 2264 rerum
997 2223 1177 2263 mutatio
1208 2234 1347 2275 neque
1376 2218 1477 2259 bclli
1506 2220 1691 2259 vastatio

265 2363 286 2392 4
311 2360 537 2393 materianda
565 2362 607 2393 G:
640 2359 813 2391 —rienda
845 2360 881 2390 ll
912 2359 986 2397 (LI,
1013 2358 1184 2399 —riande
1210 2355 1277 2398 elz).
1313 2353 1328 2398 Η
1367 2357 1386 2387 5
1419 2353 1591 2386 faciunda
1626 2354 1691 2385 (ill

185 2417 291 2459 (Lle).
320 2416 334 2459 Η
366 2419 386 2449 9
411 2420 607 2459 potuerunt
634 2418 661 2448 G
687 2416 762 2457 (L):
789 2418 960 2458 poterunt
984 2415 1021 2445 H
1046 2414 1117 2456 (le).

267 2507 425 2538 Vitruvii
449 2506 543 2538 liber
568 2506 712 2547 quintus
739 2492 816 2546 (HE.
846 2504 888 2536 V.
917 2504 957 2544 G>
985 2503 1149 2545 explicit.
1192 2503 1322 2543 incipit
1353 2501 1446 2532 liber
1476 2503 1596 2531 sextus
1624 2499 1689 2539 (111·

179 2564 268 2606 cipit
291 2563 352 2594 VI.
381 2562 421 2602 G)
451 2562 518 2594 Gll
541 2561 596 2602 (L,
622 2572 682 2596 om.
710 2573 792 2594 nom.
819 2572 846 2597 e,
874 2559 1034 2601 Explicit
1058 2559 1080 2592 l.
1114 2568 1146 2600 q.
1159 2559 1214 2592 *V.
1247 2563 1310 2590 ecc.
1338 2560 1363 2597 l,
1395 2559 1465 2588 sinc
1490 2558 1540 2587 tit.
1574 2558 1690 2587 ilerum

177 2620 207 2657 Ιι,
233 2623 267 2651 ut
292 2624 324 2650 et
349 2620 381 2650 in
405 2616 643 2660 sequentibus).

271 2688 312 2717 14
337 2685 539 2717 saeratieus
564 2690 641 2716 ante
667 2696 756 2718 corr.
786 2686 812 2715 (ι’
839 2682 917 2725 (non
938 2680 993 2722 E).
1027 2679 1042 2723 Η
1075 2681 1212 2713 electus
1238 2686 1315 2712 ante
1340 2690 1428 2712 corr,
1451 2680 1478 2708 (ι’
1496 2679 1574 2715 (nan
1595 2678 1650 2716 E).
1674 2678 1688 2718 51

183 2743 224 2774 15
251 2741 495 2774 hrodiensium
522 2741 554 2772 E
579 2740 659 2782 (non
687 2741 724 2775 G,
750 2740 795 2780 cf.
812 2751 846 2780 p.
874 2741 927 2777 51,
945 2738 1014 2778 11).
1037 2735 1051 2779 Η
1076 2738 1262 2769 schemata
1283 2737 1316 2767 ll
1335 2736 1411 2775 (L):
1439 2737 1602 2764 scemata
1628 2733 1691 2763 EG

183 2796 254 2837 (lc).
285 2796 300 2840 ΙΙ
332 2799 373 2829 18
397 2797 545 2828 hrodum
572 2797 652 2835 Eri,
678 2796 801 2827 rodum
829 2796 862 2825 ll
894 2792 1057 2833 (rhodum
1082 2794 1171 2833 Lle).
1203 2791 1218 2833 Η
1250 2796 1353 2823 recta
1383 2791 1418 2821 Il
1445 2789 1553 2829 (l1l‹·):
1591 2792 1690 2819 recto

182 2853 257 2885 EG.
288 2852 303 2895 ΙΙ
336 2853 562 2894 gymnasium
587 2857 665 2884 onte
695 2862 785 2883 corr.
815 2852 841 2880 Η
866 2847 948 2891 (uon
973 2850 1032 2890 E).
1070 2847 1084 2892 Η
1115 2851 1158 2881 ‘20
1191 2849 1348 2879 suerunt:
1379 2847 1427 2876 sic
1460 2844 1569 2877 EGll.
1602 2842 1617 2885 Η
1648 2845 1690 2875 ⁴23

183 2909 312 2941 donum
341 2909 367 2940 G
394 2908 472 2949 (non
496 2909 557 2949 E).
590 2906 604 2951 Η
636 2909 679 2939 25
703 2910 854 2938 enatare
882 2906 943 2937 EG
969 2904 1054 2946 (elz):
1082 2914 1252 2937 enarrare
1279 2904 1313 2933 ll
1339 2901 1423 2941 (LI).

1717 942 1756 971 10

1718 1426 1756 1454 15
