1909 3322
208 613 227 642 ΕΠ

190 950 230 979 10

255 223 309 264 80
904 228 1114 261 vtrssuvn

255 336 451 376 columna
497 338 783 386 contractum,
828 347 876 374 eo
920 347 973 373 ne
1018 334 1159 374 minus
1199 333 1357 374 habeat
1396 333 1633 389 capitulum
1672 347 1773 375 suae

253 401 526 458 symmetriae
548 401 836 456 proiecturam
865 406 905 441 et
936 401 981 441 in
1010 399 1238 442 latitudine
1270 414 1371 441 suae
1401 402 1537 455 partis
1568 400 1771 443 adiectio-

254 484 364 509 nem.
431 467 485 508 de
524 467 768 508 volutarum
813 468 1194 524 descriptionibus,
1239 468 1303 508 uti
1346 466 1402 508 ad
1434 467 1641 509 circinum
1687 469 1773 510 sint
1799 478 1817 508 8

252 542 367 576 recte
389 534 608 576 involutae
637 535 997 591 quemadmodum
1028 535 1348 588 describantur,
1380 535 1425 575 in
1448 541 1641 576 extremo
1662 535 1774 578 libro

253 603 389 644 forma
421 609 462 643 et
490 603 600 644 ratio
631 617 776 644 earum
809 603 889 644 erit
920 602 1176 658 subscripta.

366 669 580 726 Capitulis
620 669 822 725 perfectis
861 669 1018 710 deinde
1057 669 1350 711 columnarum
1380 685 1467 711 non
1497 669 1552 710 ad
1582 669 1773 711 libellam

253 737 329 779 sed
365 736 421 777 ad
458 737 679 793 aequalem
716 737 936 778 modulum
975 737 1230 790 conlocatis,
1276 744 1323 778 ut
1362 753 1470 794 quae
1507 737 1691 778 adiectio
1728 738 1772 778 in

253 804 481 861 stylobatis
520 805 634 846 facta
664 804 815 858 fuerit,
856 806 900 846 in
939 805 1230 861 superioribus
1262 805 1466 846 membris
1498 804 1771 860 respondeat,

255 872 553 928 epistyliorum
591 873 701 913 ratio
745 873 807 913 sic
845 879 909 913 est
947 872 1144 913 habenda
1182 873 1245 913 uti
1276 873 1313 912 si
1352 872 1574 914 columnae
1612 872 1774 912 fuerint

254 954 279 979 a
307 941 486 980 minima
509 951 573 980 XII
605 940 763 996 pedum
800 939 855 979 ad
887 939 1130 995 quindecim
1170 940 1321 996 pedeS,
1362 939 1553 997 epistylii
1585 940 1640 980 sit
1677 939 1772 980 alti-

254 1007 358 1048 tudo
398 1007 602 1048 dimidiae
640 1007 940 1048 crassitudinis
971 1008 1081 1047 imae
1113 1007 1355 1061 columnae,
1395 1009 1499 1048 item
1537 1008 1572 1048 si
1618 1006 1673 1047 ab
1712 1018 1773 1047 XV

254 1074 435 1130 pedibus
477 1075 531 1114 ad
562 1087 647 1128 XX,
695 1073 917 1115 columnae
947 1074 1130 1115 altitudo
1163 1075 1411 1116 dimetiatur
1440 1075 1486 1115 in
1516 1081 1657 1131 partes
1688 1081 1771 1115 tre-

254 1143 391 1182 decim
432 1148 473 1182 et
510 1143 635 1182 unius
677 1143 810 1197 partis
841 1140 1025 1182 altitudo
1063 1142 1255 1198 epistylii
1293 1143 1392 1195 fiat,
1432 1143 1535 1183 item
1573 1142 1610 1182 si
1647 1156 1672 1181 a
1710 1154 1772 1181 xx

253 1209 308 1249 ad
340 1221 434 1249 xxv
469 1209 620 1265 pedes,
661 1208 884 1249 dividatur
911 1208 1094 1249 altitudo
1122 1210 1167 1249 in
1195 1215 1337 1265 partes
1373 1221 1439 1250 ΧΠ
1473 1217 1514 1250 et
1552 1210 1772 1249 semissem

255 1283 295 1317 et
335 1277 424 1317 eius
462 1291 548 1316 una
586 1291 684 1332 pars
724 1275 974 1333 epistylium
1012 1277 1056 1316 in
1093 1276 1324 1317 altitudine
1364 1276 1463 1330 fiat,
1503 1277 1607 1317 item
1644 1277 1679 1317 si
1717 1276 1772 1317 ab

253 1356 348 1384 XXV
401 1343 584 1399 pedibus
637 1343 691 1384 ad
744 1356 862 1397 XXX,
917 1343 1138 1384 dividatur
1190 1344 1235 1383 in
1287 1350 1430 1400 partes
1476 1356 1543 1384 XII
1595 1350 1636 1384 et
1682 1345 1771 1384 eius

253 1426 337 1452 una
375 1426 473 1466 pars
511 1410 694 1452 altitudo
732 1410 819 1451 fiat.
885 1412 988 1452 item
1028 1418 1120 1452 rata
1150 1419 1271 1467 parte
1301 1411 1356 1452 ad
1389 1411 1569 1452 eundem
1600 1411 1769 1452 modum

255 1494 309 1519 ex
345 1477 574 1519 altitudine
613 1477 905 1519 columnarum
943 1478 1239 1535 expediendae
1271 1485 1369 1520 sunt
1398 1478 1650 1519 altitudines
1683 1478 1769 1534 epi-

255 1545 496 1602 styliorum.
558 1560 640 1601 quo
662 1545 790 1586 altius
824 1547 936 1586 enim
968 1546 1137 1587 scandit
1168 1546 1278 1587 oculi
1311 1547 1496 1602 species,
1529 1561 1614 1586 non
1645 1545 1771 1586 facile

186 1627 194 1637 ⁶
255 1620 448 1670 persecat
478 1613 590 1653 aeris
622 1613 911 1653 crebritatem.
980 1613 1148 1669 dilapsa
1178 1614 1324 1669 itaque
1354 1612 1598 1654 altitudinis
1631 1614 1769 1669 spatio

255 1688 296 1722 et
333 1681 500 1721 viribus
541 1680 715 1720 effracta
752 1682 958 1721 incertam
996 1680 1264 1721 modulorum
1310 1681 1527 1721 renuntiat
1573 1680 1769 1721 sensibus

254 1749 568 1804 quantitatem.,
617 1763 748 1803 quare
787 1763 955 1804 semper
989 1748 1265 1788 adiciendum
1297 1754 1360 1788 est
1390 1748 1567 1788 rationis
1599 1746 1769 1803 supple-

254 1823 443 1857 mentum
465 1817 507 1856 in
530 1817 874 1871 symmetriarum
897 1815 1120 1869 membris,
1152 1821 1200 1856 ut
1231 1830 1326 1856 cum
1357 1814 1515 1856 fuerint
1544 1821 1618 1855 aut
1647 1813 1770 1855 altio-

346 2038 361 2069 1
389 2040 632 2070 contractum:
659 2037 707 2068 sic
724 2036 789 2068 GH
808 2034 1088 2079 (contracturam
1109 2036 1230 2077 Man).
1253 2034 1267 2079 ll
1291 2038 1309 2068 2
1329 2036 1523 2069 latitudine
1541 2036 1624 2069 Lor.
1648 2036 1768 2078 (ree.):

1627 2096 1679 2111 sure

255 2133 448 2166 altitudine
477 2134 552 2166 GH.
582 2130 599 2175 [l
631 2143 718 2164 suae
745 2134 861 2174 partis
889 2134 989 2164 0¹ch
1021 2131 1131 2174 (La->1
1163 2132 1320 2173 repartis
1356 2132 1424 2163 (r'H
1452 2119 1506 2174 (522¹
1534 2132 1593 2168 (ἴε,
1619 2121 1678 2177 ἕξις
1716 2132 1768 2162 Hc

253 2201 323 2222 eum
369 2190 495 2231 duplici
532 2190 656 2229 corn),
703 2192 807 2220 ratae
847 2189 964 2230 partis
1002 2189 1075 2223 doe,
1114 2186 1128 2230 Η
1172 2190 1192 2220 8
1230 2188 1469 2229 respondeat,
1519 2187 1767 2229 epistyliorum

254 2247 346 2277 ratio
380 2246 496 2278 Selom
536 2245 755 2287 respondeat
791 2243 863 2285 sy(i
880 2243 1090 2286 (1¹)mmetria
1127 2244 1362 2284 (symmetriae
1402 2242 1445 2283 L)
1491 2243 1766 2285 aepystiliorum

255 2301 489 2343 (epystiliori'l
517 2301 569 2342 G).
618 2301 877 2342 Epystiliorum
906 2301 1145 2342 (Epistyhorfi
1169 2300 1173 2340 Ι
1198 2300 1236 2338 G)
1271 2300 1364 2331 ratio
1475 2300 1551 2331 GH.
1600 2299 1767 2330 rubricam

253 2369 270 2389 e
295 2359 443 2398 margfine
467 2358 626 2388 insertam
653 2356 876 2398 (symmetria
910 2355 1172 2398 epistyliorum)
1204 2357 1286 2387 vidit
1315 2357 1499 2397 delevitque
1530 2355 1674 2386 Meister
1705 2352 1765 2394 (‘'f·

254 2414 288 2445 G.
316 2413 503 2449 B0'·tcielzer‚
534 2413 666 2446 [snterS.
693 2413 758 2452 auf
782 2414 813 2446 (ι’.
841 2412 971 2454 Akrop.
994 2424 1030 2453 p.
1058 2411 1130 2452 92).
1164 2409 1178 2454 ΙΙ
1212 2413 1252 2444 10
1271 2412 1481 2453 quindecim
1505 2411 1541 2441 H
1564 2410 1673 2451 (Llc):
1701 2411 1766 2441 XV

257 2471 293 2501 Η,
322 2467 337 2511 Η
370 2471 408 2500 11
436 2468 608 2500 dimidiae
634 2470 736 2500 Lor.:
768 2469 874 2501 —dia
908 2469 984 2499 GH.
1017 2465 1031 2510 l]
1061 2468 1149 2499 item
1176 2468 1220 2499 ab
1246 2468 1311 2499 XV
1346 2468 1412 2499 GH
1437 2466 1482 2507 (si
1507 2467 1585 2499 add.
1612 2466 1727 2506 Phia).
1761 2464 1762 2506 l

255 2527 295 2556 12
328 2525 548 2557 demetiatur
576 2525 649 2556 Gll.
674 2522 688 2567 Η
712 2524 883 2556 tredecim
911 2525 947 2555 H
972 2522 1081 2566 (Lle):
1108 2524 1197 2555 XIII
1224 2523 1260 2556 G.
1293 2521 1307 2565 ΙΙ
1341 2524 1381 2555 15
1408 2523 1453 2554 ab
1479 2522 1597 2555 XXV:
1626 2523 1674 2553 sie
1701 2522 1769 2553 GH

256 2580 314 2621 (lc,
348 2592 369 2613 a
394 2581 494 2612 XXV
520 2579 579 2623 L).
612 2578 626 2622 Η
660 2581 699 2611 17
726 2583 808 2611 rata
834 2584 936 2621 parte
963 2580 1063 2611 Sclm.
1088 2578 1164 2621 (pro
1183 2583 1263 2610 rata
1288 2583 1390 2620 parte
1408 2578 1534 2619 Il'Iar.):
1562 2579 1641 2609 rata
1664 2579 1766 2619 partfi

257 2638 292 2675 (i,
319 2639 396 2669 rata
421 2640 561 2679 partem
588 2637 635 2670 H.
667 2634 682 2678 ll
714 2638 754 2667 19
782 2637 907 2668 candit
931 2641 1009 2668 ante
1034 2647 1123 2668 corr.
1150 2636 1196 2668 Il.
1229 2633 1244 2677 [l
1275 2636 1318 2666 20
1342 2637 1527 2676 persecat:
1554 2636 1661 2674 pecat
1687 2632 1764 2674 (pro

257 2693 397 2734 pseeat)
429 2699 506 2725 ante
531 2704 621 2725 corr⁴
647 2693 690 2730 L,
716 2695 818 2723 secat
843 2693 902 2724 Lc.
924 2690 939 2734 {l
962 2692 1112 2734 delapsa
1137 2696 1215 2722 ante
1240 2702 1329 2723 corr.
1358 2693 1397 2724 G.
1430 2688 1444 2732 ll
1475 2691 1515 2721 21
1536 2689 1687 2720 effracta
1705 2699 1765 2729 ego

254 2750 406 2789 (extrita
421 2750 507 2788 doc„
535 2752 644 2780 exuta
670 2747 787 2787 Lor.):
821 2751 1004 2779 exstructa
1032 2748 1074 2783 G,
1108 2750 1310 2778 extructam
1337 2745 1412 2786 (sie)
1438 2745 1474 2776 H
1506 2742 1602 2785 (-t5
1627 2746 1671 2782 le,
1705 2755 1764 2775 ex—

255 2807 391 2836 structa
422 2805 479 2847 L).
513 2803 528 2847 ll
560 2807 600 2836 22
633 2804 787 2835 rationis
821 2804 847 2833 [ι’
874 2803 961 2843 (el1):
1000 2803 1133 2835 rationi
1165 2803 1202 2833 II
1233 2801 1316 2842 (LI).
1354 2797 1369 2843 ΙΙ
1407 2799 1695 2842 supplementum
1729 2800 1764 2830 H

256 2860 370 2899 (Ηώς
412 2861 643 2893 sublementfi
676 2859 715 2893 G.
747 2857 762 2903 Η
800 2861 842 2891 ‘23
873 2862 912 2890 ut
943 2869 1022 2891 cum
1054 2859 1189 2891 fuerint
1220 2861 1282 2890 aut
1310 2858 1402 2890 docnt
1446 2866 1525 2888 cum
1558 2856 1695 2887 fuerint
1725 2859 1765 2887 ut

255 2920 317 2947 aut
344 2917 419 2951 till,
