1909 3322
225 944 264 973 10

226 1281 264 1311 15

288 213 370 255 280
942 220 1147 249 VITRUVII

287 324 462 365 dinibus
494 329 535 364 et
566 323 757 364 turribus
791 335 899 377 quae
930 321 1116 362 maxime
1147 321 1253 362 mihi
1285 321 1547 363 videbantur
1577 322 1732 364 idonea
1764 328 1805 364 et

287 407 312 432 a
343 391 498 447 quibus
531 396 674 431 essent
705 391 883 430 inventa
914 395 955 430 et
986 388 1346 444 quemadmodum
1377 388 1470 429 fieri
1501 389 1709 431 deberent
1730 405 1802 431 ex—

287 458 432 514 plicui.
493 456 705 498 scalarum
746 463 891 498 autem
930 463 972 498 et
1010 456 1324 497 carchesiorum
1363 463 1404 497 et
1442 471 1588 497 eorum
1625 472 1805 512 quorum

287 526 475 566 rationes
508 532 606 566 sunt
636 524 924 566 inbecilliores
955 539 1041 566 non
1069 538 1247 564 neeesse
1276 523 1409 564 habui
1441 524 1641 565 scribere.
1701 525 1807 565 haec

290 594 419 633 etiam
456 591 614 633 milites
652 607 729 649 per
759 607 804 633 se
835 592 973 634 solent
1012 592 1165 633 facere.
1225 605 1362 646 neque
1401 605 1451 632 ea
1483 592 1578 648 ipsa
1609 592 1805 639 omnibus

288 660 392 702 locis
424 675 562 716 neque
594 660 757 701 eisdem
786 659 1023 701 rationibus
1054 665 1235 715 possunt
1266 658 1389 699 utilia
1421 673 1535 712 esse,
1577 659 1691 715 quod
1722 659 1804 700 dif-

288 727 476 768 ferentes
517 734 615 768 sunt
654 728 911 769 munitiones
951 726 1264 767 munitionibus
1301 727 1608 782 nationumque
1637 726 1805 768 fortitu-

289 795 428 836 dines.
478 809 662 851 namque
691 795 777 835 alia
806 796 972 836 ratione
1002 793 1058 834 ad
1089 793 1271 834 audaces
1305 799 1346 834 et
1376 795 1625 836 temerarios
1646 793 1731 834 alia
1751 795 1806 835 ad

290 861 519 917 diligentes
550 863 676 903 aliter
706 862 761 902 ad
792 862 968 903 timidos
998 861 1339 903 machinationes
1372 861 1530 902 debent
1553 863 1805 918 comparari.

289 933 434 986 itaque
473 930 539 972 his
571 929 983 986 praescriptionibus
1017 929 1052 970 si
1084 929 1157 984 qui
1187 929 1412 969 attendere
1442 928 1628 970 voluerit
1661 935 1702 970 et
1733 945 1806 970 va-

289 999 487 1039 rietatem
527 1012 672 1037 carum
712 996 911 1051 eligendo
950 997 995 1037 in
1033 1010 1161 1036 unam
1201 996 1563 1052 comparationem
1598 996 1829 1049 conferre,-

289 1080 373 1107 non
403 1065 618 1120 indigebit
648 1064 838 1116 auxiliis,
873 1064 949 1106 sed
981 1077 1269 1119 quascumque
1299 1078 1366 1104 res
1399 1078 1453 1104 ex
1474 1064 1713 1105 rationibus
1734 1070 1809 1105 aut

289 1133 394 1174 locis
434 1147 540 1188 opus
580 1132 713 1173 fuerit
750 1133 842 1173 sine
874 1131 1144 1172 dubitatione
1181 1132 1339 1187 poterit
1370 1130 1600 1187 explicare.
1661 1131 1714 1172 de
1744 1146 1807 1172 re-

289 1200 558 1256 pugnatoriis
605 1215 706 1240 vero
745 1215 829 1241 non
868 1206 932 1240 cst
978 1199 1150 1254 scriptis
1191 1188 1510 1254 explicandum.
1569 1214 1655 1240 non
1695 1200 1805 1240 enim

289 1266 345 1307 ad
382 1273 529 1307 nostra
567 1268 729 1323 scripta
766 1267 909 1309 hostes
952 1272 1202 1322 comparant
1238 1281 1306 1307 res
1338 1267 1693 1323 oppugnatorias‚
1733 1266 1809 1308 sed

289 1334 629 1375 machinationes
669 1350 812 1375 eorum
849 1349 903 1374 ex
933 1340 1125 1390 tempore
1157 1333 1322 1376 sollerti
1353 1333 1631 1375 consiliorum
1662 1333 1807 1375 celeri-

288 1408 378 1443 tate
409 1403 500 1443 sine
530 1402 740 1443 machinis
773 1403 942 1458 saepius
976 1408 1241 1442 evertuntur.
1295 1401 1408 1457 quod
1439 1403 1570 1442 etiam
1591 1401 1807 1442 Rhodien-

290 1470 409 1511 sibus
441 1476 701 1511 memoratur
730 1485 810 1511 usu
843 1470 1029 1510 venisse.
1092 1469 1336 1523 Diognetus
1378 1470 1492 1509 enim
1523 1469 1663 1510 fuerat
1693 1469 1806 1511 Rho-
1835 1477 1841 1486 ⁴

292 1538 389 1578 dius
419 1537 694 1591 architectus,
728 1544 769 1578 et
802 1538 840 1578 ei
872 1537 925 1577 de
947 1536 1120 1593 publico
1152 1538 1380 1592 quotannis
1411 1543 1528 1578 certa
1547 1552 1710 1578 merces
1732 1552 1808 1593 pro

224 1629 232 1636 -
290 1605 396 1645 artis
431 1604 643 1659 dignitate
673 1604 945 1645 tribuebatur
974 1604 1030 1644 ad
1060 1604 1278 1645 honorem.
1333 1619 1381 1645 eo
1412 1610 1603 1660 tempore
1635 1603 1809 1659 quidam

292 1672 553 1714 architectus
584 1672 639 1713 ab
670 1672 817 1713 Arado
848 1672 1020 1712 nomine
1052 1670 1210 1712 Callias
1242 1671 1444 1712 Rhodum
1477 1687 1573 1712 cum
1606 1672 1807 1724 venisset,

292 1739 487 1780 acroasin
517 1739 621 1780 feeit
653 1739 957 1795 exemplarque
988 1738 1167 1794 protulit
1198 1739 1307 1779 muri
1340 1745 1382 1779 et
1413 1753 1542 1795 supra
1573 1738 1618 1779 id
1649 1738 1808 1778 machi-

292 1821 391 1847 nam
413 1807 457 1846 in
478 1807 695 1848 carchesio
718 1806 911 1847 versatili
935 1807 1171 1859 constituit,
1205 1821 1288 1862 qua
1316 1805 1545 1862 helepolim
1566 1807 1622 1847 ad
1643 1807 1811 1848 moenia

292 1873 569 1914 accedentem
607 1875 814 1931 corripuit
847 1881 887 1915 et
917 1874 1138 1915 transtulit
1170 1875 1282 1914 intra
1312 1888 1495 1914 murum.
1556 1874 1636 1915 hoc
1667 1888 1808 1914 exem-

226 1968 233 1976 -
293 1941 387 1997 plar
423 1941 584 1982 Rhodii
629 1956 725 1983 eum
771 1942 1005 1995 vidissent,
1052 1941 1253 1982 admirati
1297 1941 1548 1982 ademerunt
1593 1942 1810 1996 Diogneto

294 2008 408 2064 quod
452 2008 592 2049 fuerat
636 2010 864 2064 quotannis
906 2010 944 2049 ei
983 2009 1262 2049 constitutum
1301 2015 1343 2049 et
1382 2023 1477 2049 eum
1516 2009 1719 2050 honorem
1754 2009 1810 2049 ad

385 2180 404 2210 5
432 2177 620 2220 lssmilltes
645 2191 715 2211 cum
742 2191 811 2211 ras.
847 2180 884 2211 G.
919 2176 933 2222 Η
963 2180 983 2209 6
1009 2190 1125 2220 neque
1157 2180 1192 2210 H
1218 2178 1328 2221 (Llc):
1373 2189 1439 2210 nee
1466 2177 1632 2220 (eisdem)
1662 2179 1700 2213 G.
1739 2176 1755 2222 Η
1791 2181 1809 2211 7

295 2235 514 2267 munitiones
539 2236 802 2268 munitionibus
829 2236 856 2267 G
881 2234 964 2276 (h⁶):
997 2236 1211 2267 monitiones
1236 2236 1495 2267 monitionibus
1528 2236 1564 2267 Il
1590 2234 1694 2276 (Llc).
1725 2233 1739 2278 Η
1773 2237 1811 2267 10

296 2294 332 2322 et
356 2292 577 2323 varietatem
609 2303 686 2334 39⁰²
725 2302 769 2323 ex
800 2292 981 2324 varietate
1011 2292 1085 2324 GH.
1120 2289 1134 2334 Η
1168 2293 1205 2322 11
1240 2301 1362 2322 earum
1389 2292 1499 2323 Man:
1535 2302 1655 2323 00111111
1689 2292 1764 2323 GH.
1794 2290 1807 2333 Η

296 2346 383 2387 011(0
404 2347 567 2389 G)gendo
593 2348 629 2379 in
654 2349 738 2378 una:
764 2348 812 2378 sic
839 2348 914 2379 GH.
948 2346 961 2388 Η
996 2348 1159 2379 conferre
1187 2348 1223 2377 H
1250 2346 1407 2387 (GcLle):
1436 2347 1573 2389 confer}
1605 2348 1631 2378 G
1657 2346 1732 2386 (om.
1760 2358 1810 2384 re,

295 2405 386 2445 quod
408 2405 487 2438 add.
517 2405 587 2443 (ic).
622 2401 637 2446 Η
670 2405 707 2436 12
735 2414 778 2435 ex
804 2414 881 2444 09οε
909 2402 937 2434 δι
963 2406 1015 2443 <et
1044 2403 1083 2444 G)
1113 2404 1177 2434 [ΙΝ
1205 2401 1282 2443 (aut
1306 2403 1419 2443 doe),
1438 2400 1453 2444 Η
1489 2405 1528 2434 13
1553 2404 1607 2434 De
1633 2413 1812 2444 repugna-

296 2460 400 2491 toriis
511 2460 586 2491 him·
611 2461 742 2492 accedit
773 2460 814 2492 E.
847 2457 861 2502 Η
898 2461 936 2490 16
968 2459 1166 2490 machinati
1195 2469 1258 2489 nes
1293 2460 1330 2491 G.
1367 2457 1372 2500 Ι
1412 2460 1451 2490 18
1482 2462 1701 2490 memoratus
1734 2464 1810 2490 ante

295 2527 386 2548 corr.
423 2516 450 2547 G
482 2516 560 2556 (non
589 2516 644 2555 E).
680 2514 694 2558 Η
729 2516 932 2557 Diognetus
962 2517 1055 2548 doen:
1094 2515 1264 2556 diogenes
1296 2515 1408 2546 EGH.
1445 2513 1459 2556 Η
1499 2517 1539 2547 19
1572 2515 1702 2546 mercis
1734 2520 1810 2545 ante

296 2582 386 2603 corr.
412 2573 459 2603 H.
495 2570 509 2613 Η
541 2571 637 2612 sparti
665 2570 771 2612 (—tis
800 2572 857 2611 GC)
883 2572 1063 2612 dignitate
1088 2571 1318 2602 tribuebatur
1343 2571 1423 2602 EG:
1450 2581 1514 2611 pro
1541 2572 1610 2601 arti
1637 2570 1756 2611 (artae
1781 2581 1809 2607 e,

298 2630 373 2660 arte
400 2628 445 2668 lh)
479 2628 706 2659 tribuebatur
723 2628 761 2657 H
787 2625 912 2668 (Llcle).
937 2624 951 2669 Η
976 2629 1015 2658 21
1044 2627 1190 2658 callias:
1217 2628 1265 2657 sic
1290 2627 1402 2660 EGII.
1426 2624 1441 2668 Η
1470 2627 1590 2658 rodum
1618 2632 1694 2658 [mle
1719 2637 1808 2659 corr.

298 2685 342 2714 ll.
376 2682 389 2724 Η
422 2685 463 2714 22
490 2684 659 2715 acroasin
690 2683 801 2714 EGH.
837 2679 851 2724 Η
892 2683 1151 2724 exemplarque
1185 2683 1295 2714 Rode:
1329 2682 1531 2724 exemplaq3
1564 2682 1675 2714 EGII.
1716 2680 1729 2723 Η
1768 2684 1809 2713 23

297 2740 485 2771 carchesio
510 2741 579 2772 ed.:
609 2748 757 2771 carceso
783 2738 895 2769 EGH.
929 2736 943 2780 Η
976 2749 1046 2779 qua
1070 2738 1265 2780 helepolim
1290 2738 1381 2769 docnt
1410 2748 1514 2779 quem
1542 2736 1691 2779 (qucsG)
1716 2737 1810 2778 lepi—

297 2794 404 2826 ‹lolim
431 2795 542 2827 EGII.
574 2793 589 2837 Η
621 2796 663 2826 25
689 2794 835 2835 diogeni
862 2794 973 2825 EGH.
1001 2793 1015 2836 Η
1045 2796 1087 2825 26
1113 2794 1205 2835 quod
1231 2795 1353 2825 fuerat
1379 2793 1491 2833 (ferat
1518 2794 1560 2833 E)
1589 2793 1679 2834 quod
1706 2795 1810 2824 annis

297 2849 326 2880 ἃ,
352 2850 400 2889 (et
428 2852 469 2888 G,
497 2851 530 2882 ei
557 2853 608 2883 ed.
642 2849 708 2890 Fl.)
741 2850 973 2881 constitutum
1008 2850 1110 2889 (——t1‘1
1139 2849 1216 2892 GH)
1252 2860 1330 2881 eum
1363 2848 1422 2889 (οᾗ
1451 2849 1532 2890 GII)
1565 2849 1599 2880 11.
1633 2849 1734 2880 EGll
1760 2849 1810 2889 (et

299 2915 378 2936 eum
404 2907 436 2937 h.
463 2906 545 2947 ed)
