1899 3322
545 209 606 240 DE
638 207 992 239 AnclnTECTURA
1025 208 1115 237 LlB.
1149 208 1210 237 IX.
1556 194 1635 234 231

118 315 298 357 inferius
330 313 497 355 ventris
536 310 617 353 sub
649 309 830 351 caudam
868 309 1087 351 subiectus
1120 314 1184 351 est
1215 314 1456 350 centaurus
1516 306 1639 347 iuxta

119 389 285 423 cratera
324 387 366 422 et
411 380 576 422 leonem
620 378 744 420 navis
793 383 857 418 est
903 391 1010 432 quae
1047 377 1293 419 nominatur
1330 375 1471 430 Argo,
1519 374 1638 415 cuius

119 465 246 507 prora
277 449 552 501 obscuratur,
585 446 662 488 sed
691 444 828 486 malus
862 450 903 485 et
935 459 1043 500 quae
1074 451 1173 485 sunt
1204 444 1317 485 circa
1348 439 1639 498 gubernacula

119 518 351 559 eminentia
382 516 606 568 videntur,
648 515 828 570 ipsaque
864 510 1091 552 naviculae
1128 512 1285 568 puppis
1324 525 1401 567 per
1430 524 1639 550 summam

119 585 299 627 caudam
321 585 417 626 cani
438 583 648 638 iungitur.
687 581 882 636 geminos
903 584 1046 620 autem
1068 578 1334 620 minusculus
1357 578 1474 619 canis
1499 577 1638 633 sequi-

118 661 188 695 tur
209 659 356 695 contra
376 651 531 706 anguis
554 655 696 706 caput.
735 648 869 689 maior
890 648 994 688 item
1016 648 1209 703 sequitur
1230 647 1453 687 minorem.
1506 645 1640 687 Orion

118 736 221 763 vero
237 727 509 762 transversus
529 723 593 758 est
609 716 843 769 subiectus,
860 729 1035 772 pressus
1052 713 1212 769 ungula
1228 714 1355 767 tauri,
1373 728 1502 754 manu
1517 712 1641 753 laeva

74 802 91 828 :·
118 796 267 831 tenens
300 802 470 840 ensem,
505 785 671 827 clavam
701 783 836 825 altera
864 783 920 824 ad
950 782 1147 838 geminos
1175 780 1343 823 tollens.
1403 780 1517 837 apud
1550 780 1641 821 eius

119 872 220 898 vero
252 856 392 898 basim
424 854 540 895 canis
572 866 706 910 parvo
744 850 973 892 intervallo
1004 851 1234 906 insequens
1266 850 1466 905 leporem.
1517 848 1641 888 arieti

118 932 159 967 ct
190 924 384 981 piscibus
416 928 534 964 cetus
567 927 630 962 est
656 919 892 973 subiectus,
926 934 949 959 a
981 919 1101 960 cuius
1134 918 1265 959 crista
1297 916 1491 958 ordinate
1512 916 1640 957 utris-

119 1007 200 1049 que
229 991 421 1049 piscibus
445 989 657 1046 disposita
678 993 740 1029 est
762 987 904 1029 tenuis
936 986 1050 1028 fusio
1081 984 1327 1039 stellarum,
1360 997 1469 1040 quae
1489 997 1642 1038 graece

117 1061 365 1102 vocitantur
396 1057 655 1112 αρπεδοναι.
689 1069 930 1110 magnoque
961 1052 1189 1095 intervallo
1220 1054 1431 1094 introrsus
1470 1064 1642 1108 pressus

117 1128 254 1171 nodus
287 1127 551 1183 serpentium
582 1124 761 1178 attingit
792 1136 1000 1164 summam
1029 1122 1112 1163 ceti
1134 1120 1322 1162 cristam.
1363 1118 1547 1160 Eridani
1568 1133 1644 1174 per

117 1196 303 1253 speciem
321 1193 542 1236 stellarum
559 1192 718 1234 flumen
735 1190 924 1247 profluit,
947 1190 1118 1231 initium
1134 1188 1267 1230 fontis
1289 1187 1462 1244 capiens
1480 1202 1502 1226 a
1520 1185 1642 1226 laevo

118 1263 228 1321 pede
257 1263 446 1305 Orionis.
508 1275 617 1317 quae
648 1274 750 1300 vero
781 1258 836 1299 ab
866 1258 1041 1314 aquario
1072 1256 1196 1297 fundi
1226 1261 1486 1297 memoratur
1516 1269 1642 1310 aqua,

118 1331 292 1388 profluit
322 1331 435 1371 inter
465 1330 597 1385 piscis
628 1327 813 1369 austrini
843 1332 970 1383 caput
1002 1331 1042 1367 et
1073 1323 1254 1366 caudam
1285 1324 1382 1365 ceti.

234 1398 358 1451 Quae
395 1398 580 1452 figurata
628 1394 980 1450 conformataque
1026 1399 1124 1434 sunt
1171 1391 1361 1433 siderum
1398 1392 1445 1432 in
1482 1389 1642 1431 mundo

120 1465 370 1520 simulacra,
410 1471 563 1507 natura
594 1463 830 1518 divinaque
859 1467 1003 1503 mente
1035 1460 1282 1515 designata,
1315 1465 1361 1500 ut
1393 1458 1642 1500 Democrito

119 1534 300 1592 physico
332 1532 507 1590 placuit,
541 1531 738 1587 exposui,
772 1529 847 1571 sed
879 1535 1045 1570 tantum
1078 1543 1127 1569 ea
1158 1542 1337 1584 quorum
1370 1532 1487 1568 ortus
1511 1532 1551 1566 et
1574 1540 1641 1566 oc—

120 1618 242 1644 casus
280 1616 507 1658 possumus
545 1598 894 1640 animadvertere
936 1603 978 1638 et
1016 1595 1149 1637 oeulis
1190 1594 1397 1636 contueri.
1459 1608 1641 1649 namque

119 1672 181 1712 uti
214 1669 527 1726 septentriones
567 1667 728 1707 circum
765 1666 860 1706 axis
900 1665 1120 1706 cardinem
1152 1669 1374 1704 versantes
1414 1676 1500 1702 non
1531 1661 1639 1701 occi-

121 1738 227 1780 dunt
259 1752 396 1793 neque
435 1735 515 1777 sub
554 1741 712 1776 terram
745 1732 953 1786 subeunt,
993 1732 1057 1773 sic
1087 1732 1201 1772 circa
1231 1729 1517 1771 meridianum
1550 1743 1639 1768 car-

121 1806 281 1858 dinem,
314 1805 387 1861 qui
419 1810 483 1845 est
514 1808 690 1859 propter
720 1800 1041 1842 inclinationem
1072 1798 1222 1840 mundi
1244 1798 1464 1839 subiectus
1486 1802 1639 1848 terrae,

120 1874 263 1915 sidera
294 1871 571 1913 versabunda
610 1869 872 1924 latentiaque
909 1882 994 1909 non
1032 1866 1193 1908 habent
1232 1880 1430 1921 egressus
1462 1864 1639 1905 orientis

121 1956 250 1998 supra
280 1946 451 1982 terram.
511 1939 656 1993 itaque
688 1951 833 1978 eorum
865 1935 1143 1990 figurationes
1176 1940 1350 1990 propter
1380 1932 1640 1974 obstantiam
1668 1942 1702 1971 ἑξ

121 2018 258 2051 terrae
295 2023 379 2050 non
421 2013 520 2048 sunt
565 2012 704 2046 notae.
778 2003 905 2044 huius
952 2008 1094 2044 autem
1140 2002 1202 2042 rei
1241 2000 1375 2042 index
1414 2006 1478 2041 est
1517 1998 1640 2040 stella

122 2077 309 2132 Canopi,
351 2089 458 2131 quae
497 2073 563 2115 his
602 2070 853 2127 regionibus
894 2076 958 2111 est
997 2070 1165 2124 ignota,
1213 2068 1460 2109 renuntiant
1497 2074 1638 2108 autem

214 2238 229 2268 1
258 2235 406 2267 inferius
431 2234 541 2267 Maru:
569 2233 722 2265 interius
748 2232 861 2264 EGH.
893 2228 907 2273 Ι]
940 2231 1043 2261 iuxta
1069 2230 1147 2263 EG:
1174 2229 1272 2261 iusta
1290 2229 1326 2259 ll
1350 2227 1452 2268 (Mc).
1485 2225 1499 2268 ΙΙ
1532 2229 1552 2259 4
1579 2238 1639 2258 na-

122 2292 265 2326 viculae
292 2291 404 2324 Maru:
431 2289 602 2322 navicula
630 2291 666 2321 ct
685 2288 796 2321 EGH.
830 2285 845 2330 Η
877 2289 896 2319 5
915 2286 1136 2318 minusculus
1156 2286 1222 2317 Ec:
1249 2284 1348 2316 —los
1369 2283 1469 2315 ΕΘΗ
1494 2282 1599 2324 (hle).

123 2352 140 2382 7
161 2349 255 2380 tauri
274 2348 377 2380 Phia:
406 2346 572 2378 centauri
598 2345 710 2376 EGH.
731 2342 745 2386 Η
767 2345 787 2375 8
806 2347 934 2375 tenens
961 2343 1100 2383 (ensem
1126 2353 1186 2384 09⁰
1212 2343 1256 2381 ‘'l'-
1281 2340 1384 2372 schol.
1415 2340 1536 2378 Ger-ua,
1564 2339 1639 2381 pel-

122 2406 190 2438 lem
218 2404 310 2436 Μαν.
343 2402 438 2444 add.)
472 2402 576 2434 clava
607 2400 831 2441 (——va¹n.E)
867 2399 982 2431 altera
1012 2398 1115 2430 EGH
1147 2397 1304 2438 (clavam
1339 2395 1458 2427 altera
1491 2393 1592 2435 Geth).
1622 2390 1625 2434 Ι

124 2461 217 2503 apud
238 2461 344 2492 Phia:
363 2462 472 2501 caput
487 2458 599 2491 Eril).
618 2455 631 2500 Η
650 2457 728 2488 eius
746 2466 850 2489 vero:
869 2456 917 2487 sic
932 2452 1075 2497 EGH.11
1095 2455 1135 2486 10
1154 2456 1276 2485 coetus
1295 2452 1403 2483 EGll.
1420 2449 1433 2493 ΙΙ
1459 2453 1492 2482 11
1513 2451 1639 2493 graeei

126 2519 159 2549 H
178 2517 256 2557 (ele).
275 2514 290 2558 11
310 2518 348 2547 12
367 2516 574 2548 vocitantur
591 2513 832 2546 hermedonae
852 2511 1012 2552 (hermae
1034 2510 1150 2542 donae
1171 2510 1211 2547 E,
1231 2509 1352 2540 herme
1370 2508 1460 2549 dono
1478 2508 1517 2546 G)
1539 2507 1640 2538 EGH

124 2566 349 2615 (ἁρπεδόναι
394 2571 564 2603 Turnebus
589 2581 658 2602 cum
690 2568 890 2610 iS'califfsero).
928 2564 944 2609 Η
984 2569 1023 2599 13
1054 2566 1168 2598 nodus
1207 2565 1285 2597 EG:
1334 2576 1393 2596 om.
1427 2564 1462 2594 ΙΙ
1487 2561 1593 2603 (lde).
1622 2599 1624 2602 ,

125 2630 226 2662 co&t1
256 2630 300 2667 ll,
328 2628 420 2660 coeti
440 2624 568 2668 Efflc),
595 2626 666 2668 ceti
691 2630 768 2657 ante
794 2636 883 2656 corr.
913 2626 940 2655 (1'
965 2623 1064 2664 (sicut
1089 2634 1116 2654 υ.
1136 2625 1177 2654 10
1203 2622 1297 2653 cocti
1319 2620 1387 2657 EG,
1415 2618 1503 2651 co&1
1529 2619 1590 2658 H).
1634 2620 1635 2658 J

127 2686 275 2717 Eridani
300 2685 393 2717 .loe.:
420 2694 499 2716 esse
526 2682 584 2723 (ee
613 2681 653 2725 (ι’)
681 2682 750 2714 fuit
782 2681 895 2712 Erill.
927 2677 941 2722 ΙΙ
976 2681 1014 2711 17
1048 2679 1366 2718 conformataque:
1400 2677 1448 2707 sit·
1480 2675 1592 2708 EGH.
1621 2673 1635 2722 i,

130 2744 167 2774 19
193 2744 333 2773 tantum
360 2750 420 2771 ea:
453 2743 502 2772 sic
528 2741 639 2773 EGII.
672 2737 687 2781 Η
719 2740 755 2769 21
794 2736 1061 2778 septentriones
1088 2735 1150 2766 EG
1177 2734 1263 2774 (clm
1299 2730 1571 2773 septemtrionis
1603 2730 1639 2761 ll

127 2801 211 2840 (LI).
239 2796 254 2840 ll
285 2800 471 2830 versantes
488 2797 579 2829 .lo‹·.:
608 2798 801 2828 versantur
827 2793 939 2825 EGll.
971 2790 986 2835 Η
1017 2793 1059 2823 22
1084 2792 1137 2823 sie
1162 2791 1261 2822 cirea
1280 2789 1342 2820 EG
1367 2787 1469 2828 (Ct'lz):
1504 2787 1638 2818 sicitea

129 2856 161 2886 ΙΙ
188 2855 264 2894 (Le,
291 2854 355 2886 sed
382 2854 481 2885 circa
506 2855 533 2885 lc
556 2854 589 2884 in
614 2854 840 2893 supplemento
866 2843 1397 2888 lociablomz·ssij›.1123terrae
1425 2843 1460 2875 H
1478 2842 1637 2883 (G0L{0):

128 2915 224 2943 terra
254 2911 281 2942 E
307 2916 337 2943 ει
364 2914 441 2942 ante
467 2921 555 2943 cot-r.
585 2910 622 2942 (ι’.
656 2905 670 2949 Η
701 2908 743 2938 24
770 2906 935 2938 orientis:
961 2906 1010 2938 sic
1036 2903 1148 2937 EGII.

1671 926 1709 957 10

1672 1264 1710 1294 15

1668 1604 1709 1633 24)
