<?xml version="1.0" encoding="UTF-8"?>
<!DOCTYPE html PUBLIC "-//W3C//DTD XHTML 1.0 Transitional//EN"
    "http://www.w3.org/TR/xhtml1/DTD/xhtml1-transitional.dtd">
<html xmlns="http://www.w3.org/1999/xhtml" xml:lang="en" lang="en">
 <head>
  <title>
</title>
<meta http-equiv="Content-Type" content="text/html;charset=utf-8" />
  <meta name='ocr-system' content='tesseract 3.04.00' />
  <meta name='ocr-capabilities' content='ocr_page ocr_carea ocr_par ocr_line ocrx_word'/>
</head>
<body>
  <div class='ocr_page' id='page_1' title='image "./dearchitecturali00vitruoft_0194.png"; bbox 0 0 1909 3322; ppageno 0'>
   <div class='ocr_carea' id='block_1_1' title="bbox 159 484 228 516">
    <p class='ocr_par' dir='ltr' id='par_1_1' title="bbox 159 484 228 516">
     <span class='ocr_line' id='line_1_1' title="bbox 159 484 228 516; baseline -0.014 0"><span class='ocrx_word' id='word_1_1' title='bbox 159 484 228 516; x_wconf 87' lang='lat' dir='ltr'>VII</span> 
     </span>
    </p>
   </div>
   <div class='ocr_carea' id='block_1_2' title="bbox 206 620 225 651">
    <p class='ocr_par' dir='ltr' id='par_1_2' title="bbox 206 620 225 651">
     <span class='ocr_line' id='line_1_2' title="bbox 206 620 225 651; baseline 0 0"><span class='ocrx_word' id='word_1_2' title='bbox 206 620 225 651; x_wconf 88' lang='lat'>5</span> 
     </span>
    </p>
   </div>
   <div class='ocr_carea' id='block_1_3' title="bbox 186 959 226 990">
    <p class='ocr_par' dir='ltr' id='par_1_3' title="bbox 186 959 226 990">
     <span class='ocr_line' id='line_1_3' title="bbox 186 959 226 990; baseline 0.025 -1"><span class='ocrx_word' id='word_1_3' title='bbox 186 959 226 990; x_wconf 89' lang='lat'>10</span> 
     </span>
    </p>
   </div>
   <div class='ocr_carea' id='block_1_4' title="bbox 187 1635 230 1664">
    <p class='ocr_par' dir='ltr' id='par_1_4' title="bbox 187 1635 230 1664">
     <span class='ocr_line' id='line_1_4' title="bbox 187 1635 230 1664; baseline 0 0"><span class='ocrx_word' id='word_1_4' title='bbox 187 1635 230 1664; x_wconf 77' lang='lat'>20</span> 
     </span>
    </p>
   </div>
   <div class='ocr_carea' id='block_1_5' title="bbox 248 228 1112 270">
    <p class='ocr_par' dir='ltr' id='par_1_5' title="bbox 248 228 1112 270">
     <span class='ocr_line' id='line_1_5' title="bbox 248 228 1112 270; baseline -0.015 0"><span class='ocrx_word' id='word_1_5' title='bbox 248 228 327 270; x_wconf 81' lang='grc'><strong>176</strong></span> <span class='ocrx_word' id='word_1_6' title='bbox 903 228 1112 259; x_wconf 82' lang='lat' dir='ltr'>VITRUVII</span> 
     </span>
    </p>
   </div>
   <div class='ocr_carea' id='block_1_6' title="bbox 248 323 1771 1949">
    <p class='ocr_par' dir='ltr' id='par_1_6' title="bbox 248 323 1771 1949">
     <span class='ocr_line' id='line_1_6' title="bbox 248 323 1763 396; baseline -0.011 -16"><span class='ocrx_word' id='word_1_7' title='bbox 248 354 376 396; x_wconf 87' lang='lat' dir='ltr'>quam</span> <span class='ocrx_word' id='word_1_8' title='bbox 405 351 485 378; x_wconf 89' lang='lat' dir='ltr'>nec</span> <span class='ocrx_word' id='word_1_9' title='bbox 514 334 673 376; x_wconf 89' lang='lat' dir='ltr'>molere</span> <span class='ocrx_word' id='word_1_10' title='bbox 703 347 783 373; x_wconf 90' lang='lat' dir='ltr'>nee</span> <span class='ocrx_word' id='word_1_11' title='bbox 813 345 986 372; x_wconf 88' lang='lat' dir='ltr'>cernere</span> <span class='ocrx_word' id='word_1_12' title='bbox 1016 345 1122 386; x_wconf 90' lang='lat' dir='ltr'>opus</span> <span class='ocrx_word' id='word_1_13' title='bbox 1163 334 1227 369; x_wconf 86' lang='lat' dir='ltr'>est</span> <span class='ocrx_word' id='word_1_14' title='bbox 1236 361 1247 383; x_wconf 81' lang='grc'>,</span> <span class='ocrx_word' id='word_1_15' title='bbox 1287 327 1364 368; x_wconf 89' lang='lat' dir='ltr'>sed</span> <span class='ocrx_word' id='word_1_16' title='bbox 1394 327 1456 367; x_wconf 92' lang='lat' dir='ltr'>sic</span> <span class='ocrx_word' id='word_1_17' title='bbox 1487 330 1552 366; x_wconf 89' lang='lat' dir='ltr'>est</span> <span class='ocrx_word' id='word_1_18' title='bbox 1592 323 1763 365; x_wconf 89' lang='lat' dir='ltr'>subtilis</span> 
     </span>
     <span class='ocr_line' id='line_1_7' title="bbox 251 394 1576 463; baseline -0.011 -16"><span class='ocrx_word' id='word_1_19' title='bbox 251 402 612 463; x_wconf 80' lang='lat' dir='ltr'>quemadmodum</span> <span class='ocrx_word' id='word_1_20' title='bbox 643 401 680 442; x_wconf 89' lang='lat' dir='ltr'>si</span> <span class='ocrx_word' id='word_1_21' title='bbox 712 415 795 457; x_wconf 88' lang='lat' dir='ltr'>qua</span> <span class='ocrx_word' id='word_1_22' title='bbox 827 406 890 441; x_wconf 90' lang='lat' dir='ltr'>est</span> <span class='ocrx_word' id='word_1_23' title='bbox 920 413 1050 440; x_wconf 86' lang='lat' dir='ltr'>manu</span> <span class='ocrx_word' id='word_1_24' title='bbox 1081 402 1258 439; x_wconf 88' lang='lat' dir='ltr'>contusa</span> <span class='ocrx_word' id='word_1_25' title='bbox 1290 401 1331 436; x_wconf 91' lang='lat' dir='ltr'>et</span> <span class='ocrx_word' id='word_1_26' title='bbox 1363 394 1576 435; x_wconf 87' lang='lat' dir='ltr'>subereta.</span> 
     </span>
     <span class='ocr_line' id='line_1_8' title="bbox 360 461 1765 524; baseline -0.011 -11"><span class='ocrx_word' id='word_1_27' title='bbox 360 472 535 514; x_wconf 85' lang='lat' dir='ltr'>Colores</span> <span class='ocrx_word' id='word_1_28' title='bbox 557 485 659 511; x_wconf 81' lang='lat' dir='ltr'>vero</span> <span class='ocrx_word' id='word_1_29' title='bbox 680 467 755 509; x_wconf 88' lang='lat' dir='ltr'>alii</span> <span class='ocrx_word' id='word_1_30' title='bbox 785 474 884 509; x_wconf 89' lang='lat' dir='ltr'>sunt</span> <span class='ocrx_word' id='word_1_31' title='bbox 914 467 988 524; x_wconf 90' lang='lat' dir='ltr'>qui</span> <span class='ocrx_word' id='word_1_32' title='bbox 1018 480 1094 523; x_wconf 91' lang='lat' dir='ltr'>per</span> <span class='ocrx_word' id='word_1_33' title='bbox 1116 479 1160 505; x_wconf 91' lang='lat' dir='ltr'>se</span> <span class='ocrx_word' id='word_1_34' title='bbox 1191 464 1320 504; x_wconf 89' lang='lat' dir='ltr'>certis</span> <span class='ocrx_word' id='word_1_35' title='bbox 1350 461 1455 503; x_wconf 89' lang='lat' dir='ltr'>locis</span> <span class='ocrx_word' id='word_1_36' title='bbox 1487 465 1765 516; x_wconf 82' lang='lat' dir='ltr'>procreantur</span> 
     </span>
     <span class='ocr_line' id='line_1_9' title="bbox 249 527 1764 591; baseline -0.011 -8"><span class='ocrx_word' id='word_1_37' title='bbox 249 549 289 582; x_wconf 87' lang='lat' dir='ltr'>et</span> <span class='ocrx_word' id='word_1_38' title='bbox 320 541 421 581; x_wconf 88' lang='lat' dir='ltr'>inde</span> <span class='ocrx_word' id='word_1_39' title='bbox 451 539 696 591; x_wconf 73' lang='lat' dir='ltr'>fodiuntur,</span> <span class='ocrx_word' id='word_1_40' title='bbox 736 533 931 577; x_wconf 87' lang='lat' dir='ltr'>nonnulli</span> <span class='ocrx_word' id='word_1_41' title='bbox 962 548 1017 574; x_wconf 79' lang='lat' dir='ltr'>ex</span> <span class='ocrx_word' id='word_1_42' title='bbox 1046 532 1142 573; x_wconf 87' lang='lat' dir='ltr'>aliis</span> <span class='ocrx_word' id='word_1_43' title='bbox 1173 530 1299 572; x_wconf 90' lang='lat' dir='ltr'>rebus</span> <span class='ocrx_word' id='word_1_44' title='bbox 1331 527 1660 571; x_wconf 77' lang='lat' dir='ltr'>tractationibus</span> <span class='ocrx_word' id='word_1_45' title='bbox 1691 533 1764 567; x_wconf 89' lang='lat' dir='ltr'>aut</span> 
     </span>
     <span class='ocr_line' id='line_1_10' title="bbox 250 596 1766 662; baseline -0.011 -12"><span class='ocrx_word' id='word_1_46' title='bbox 250 608 535 650; x_wconf 79' lang='lat' dir='ltr'>mixtionibus</span> <span class='ocrx_word' id='word_1_47' title='bbox 557 604 859 662; x_wconf 78' lang='lat' dir='ltr'>temperaturis</span> <span class='ocrx_word' id='word_1_48' title='bbox 883 601 1110 657; x_wconf 78' lang='lat' dir='ltr'>compositi</span> <span class='ocrx_word' id='word_1_49' title='bbox 1131 598 1411 656; x_wconf 88' lang='lat' dir='ltr'>perficiuntur</span> <span class='ocrx_word' id='word_1_50' title='bbox 1419 629 1430 650; x_wconf 69' lang='lat'><em>7</em></span> <span class='ocrx_word' id='word_1_51' title='bbox 1461 596 1527 637; x_wconf 90' lang='lat' dir='ltr'>uti</span> <span class='ocrx_word' id='word_1_52' title='bbox 1547 600 1766 652; x_wconf 75' lang='lat' dir='ltr'>praestent</span> 
     </span>
     <span class='ocr_line' id='line_1_11' title="bbox 249 667 1763 731; baseline -0.011 -13"><span class='ocrx_word' id='word_1_53' title='bbox 249 676 430 718; x_wconf 87' lang='lat' dir='ltr'>candem</span> <span class='ocrx_word' id='word_1_54' title='bbox 467 676 512 716; x_wconf 91' lang='lat' dir='ltr'>in</span> <span class='ocrx_word' id='word_1_55' title='bbox 551 672 751 731; x_wconf 89' lang='lat' dir='ltr'>operibus</span> <span class='ocrx_word' id='word_1_56' title='bbox 789 670 1036 712; x_wconf 78' lang='lat' dir='ltr'>utilitatem.</span> <span class='ocrx_word' id='word_1_57' title='bbox 1096 667 1281 723; x_wconf 87' lang='lat' dir='ltr'>primum</span> <span class='ocrx_word' id='word_1_58' title='bbox 1317 672 1461 706; x_wconf 90' lang='lat' dir='ltr'>autem</span> <span class='ocrx_word' id='word_1_59' title='bbox 1501 677 1763 720; x_wconf 82' lang='lat' dir='ltr'>exponemus</span> 
     </span>
     <span class='ocr_line' id='line_1_12' title="bbox 250 732 1766 801; baseline -0.011 -15"><span class='ocrx_word' id='word_1_60' title='bbox 250 759 356 801; x_wconf 87' lang='lat' dir='ltr'>quae</span> <span class='ocrx_word' id='word_1_61' title='bbox 394 758 470 800; x_wconf 91' lang='lat' dir='ltr'>per</span> <span class='ocrx_word' id='word_1_62' title='bbox 501 757 546 783; x_wconf 85' lang='lat' dir='ltr'>se</span> <span class='ocrx_word' id='word_1_63' title='bbox 576 740 803 782; x_wconf 82' lang='lat' dir='ltr'>nascentia</span> <span class='ocrx_word' id='word_1_64' title='bbox 841 737 1084 789; x_wconf 75' lang='lat' dir='ltr'>fodiuntur,</span> <span class='ocrx_word' id='word_1_65' title='bbox 1124 735 1187 775; x_wconf 92' lang='lat' dir='ltr'>uti</span> <span class='ocrx_word' id='word_1_66' title='bbox 1218 732 1272 774; x_wconf 92' lang='lat' dir='ltr'>sil</span> <span class='ocrx_word' id='word_1_67' title='bbox 1311 732 1425 789; x_wconf 89' lang='lat' dir='ltr'>quod</span> <span class='ocrx_word' id='word_1_68' title='bbox 1463 745 1615 787; x_wconf 82' lang='lat' dir='ltr'>graece</span> <span class='ocrx_word' id='word_1_69' title='bbox 1647 745 1766 785; x_wconf 80' lang='grc' dir='ltr'><em>ωχρα</em></span> 
     </span>
     <span class='ocr_line' id='line_1_13' title="bbox 250 798 1765 854; baseline -0.011 0"><span class='ocrx_word' id='word_1_70' title='bbox 250 813 423 854; x_wconf 88' lang='lat' dir='ltr'>dicitur.</span> <span class='ocrx_word' id='word_1_71' title='bbox 483 811 590 851; x_wconf 88' lang='lat' dir='ltr'>haec</span> <span class='ocrx_word' id='word_1_72' title='bbox 619 823 721 849; x_wconf 84' lang='lat' dir='ltr'>vero</span> <span class='ocrx_word' id='word_1_73' title='bbox 750 805 898 847; x_wconf 89' lang='lat' dir='ltr'>multis</span> <span class='ocrx_word' id='word_1_74' title='bbox 930 803 1034 845; x_wconf 91' lang='lat' dir='ltr'>locis</span> <span class='ocrx_word' id='word_1_75' title='bbox 1063 809 1110 843; x_wconf 91' lang='lat' dir='ltr'>ut</span> <span class='ocrx_word' id='word_1_76' title='bbox 1142 801 1271 842; x_wconf 89' lang='lat' dir='ltr'>etiam</span> <span class='ocrx_word' id='word_1_77' title='bbox 1300 801 1347 841; x_wconf 87' lang='lat' dir='ltr'>in</span> <span class='ocrx_word' id='word_1_78' title='bbox 1377 799 1504 842; x_wconf 89' lang='lat' dir='ltr'>Italia</span> <span class='ocrx_word' id='word_1_79' title='bbox 1530 798 1765 850; x_wconf 77' lang='lat' dir='ltr'>invenitur,</span> 
     </span>
     <span class='ocr_line' id='line_1_14' title="bbox 251 864 1766 935; baseline -0.011 -14"><span class='ocrx_word' id='word_1_80' title='bbox 251 880 327 921; x_wconf 88' lang='lat' dir='ltr'>sed</span> <span class='ocrx_word' id='word_1_81' title='bbox 359 893 466 935; x_wconf 90' lang='lat' dir='ltr'>quae</span> <span class='ocrx_word' id='word_1_82' title='bbox 497 877 638 918; x_wconf 86' lang='lat' dir='ltr'>fuerat</span> <span class='ocrx_word' id='word_1_83' title='bbox 669 875 829 931; x_wconf 87' lang='lat' dir='ltr'>optima</span> <span class='ocrx_word' id='word_1_84' title='bbox 859 872 1008 913; x_wconf 88' lang='lat' dir='ltr'>Attica</span> <span class='ocrx_word' id='word_1_85' title='bbox 1038 870 1136 911; x_wconf 90' lang='lat' dir='ltr'>ideo</span> <span class='ocrx_word' id='word_1_86' title='bbox 1165 883 1280 910; x_wconf 91' lang='lat' dir='ltr'>nunc</span> <span class='ocrx_word' id='word_1_87' title='bbox 1309 883 1395 910; x_wconf 88' lang='lat' dir='ltr'>non</span> <span class='ocrx_word' id='word_1_88' title='bbox 1432 866 1614 908; x_wconf 88' lang='lat' dir='ltr'>habetur</span> <span class='ocrx_word' id='word_1_89' title='bbox 1653 864 1766 921; x_wconf 86' lang='lat' dir='ltr'>quod</span> 
     </span>
     <span class='ocr_line' id='line_1_15' title="bbox 253 934 1767 1000; baseline -0.011 -11"><span class='ocrx_word' id='word_1_90' title='bbox 253 947 438 990; x_wconf 87' lang='lat' dir='ltr'>Athenis</span> <span class='ocrx_word' id='word_1_91' title='bbox 459 945 628 1000; x_wconf 84' lang='lat' dir='ltr'>argenti</span> <span class='ocrx_word' id='word_1_92' title='bbox 659 942 831 984; x_wconf 85' lang='lat' dir='ltr'>fodinae</span> <span class='ocrx_word' id='word_1_93' title='bbox 852 954 948 980; x_wconf 88' lang='lat' dir='ltr'>cum</span> <span class='ocrx_word' id='word_1_94' title='bbox 978 938 1222 979; x_wconf 87' lang='lat' dir='ltr'>habuerunt</span> <span class='ocrx_word' id='word_1_95' title='bbox 1252 934 1459 989; x_wconf 78' lang='lat' dir='ltr'>familias,</span> <span class='ocrx_word' id='word_1_96' title='bbox 1490 941 1593 975; x_wconf 87' lang='lat' dir='ltr'>tunc</span> <span class='ocrx_word' id='word_1_97' title='bbox 1614 947 1767 989; x_wconf 88' lang='lat' dir='ltr'>specus</span> 
     </span>
     <span class='ocr_line' id='line_1_16' title="bbox 253 999 1767 1061; baseline -0.011 -4"><span class='ocrx_word' id='word_1_98' title='bbox 253 1015 332 1057; x_wconf 88' lang='lat' dir='ltr'>sub</span> <span class='ocrx_word' id='word_1_99' title='bbox 370 1020 484 1056; x_wconf 86' lang='lat' dir='ltr'>terra</span> <span class='ocrx_word' id='word_1_100' title='bbox 521 1010 798 1052; x_wconf 84' lang='lat' dir='ltr'>fodiebantur</span> <span class='ocrx_word' id='word_1_101' title='bbox 827 1007 883 1048; x_wconf 86' lang='lat' dir='ltr'>ad</span> <span class='ocrx_word' id='word_1_102' title='bbox 921 1012 1147 1061; x_wconf 87' lang='lat' dir='ltr'>argentum</span> <span class='ocrx_word' id='word_1_103' title='bbox 1186 1002 1510 1045; x_wconf 80' lang='lat' dir='ltr'>inveniendum.</span> <span class='ocrx_word' id='word_1_104' title='bbox 1570 1016 1667 1042; x_wconf 90' lang='lat' dir='ltr'>cum</span> <span class='ocrx_word' id='word_1_105' title='bbox 1706 999 1767 1040; x_wconf 88' lang='lat' dir='ltr'>ibi</span> 
     </span>
     <span class='ocr_line' id='line_1_17' title="bbox 252 1073 1766 1129; baseline -0.011 -5"><span class='ocrx_word' id='word_1_106' title='bbox 252 1098 362 1124; x_wconf 83' lang='lat' dir='ltr'>vena</span> <span class='ocrx_word' id='word_1_107' title='bbox 408 1081 518 1122; x_wconf 82' lang='lat' dir='ltr'>sorte</span> <span class='ocrx_word' id='word_1_108' title='bbox 549 1078 839 1129; x_wconf 79' lang='lat' dir='ltr'>inveniretur,</span> <span class='ocrx_word' id='word_1_109' title='bbox 880 1073 1158 1115; x_wconf 89' lang='lat' dir='ltr'>nihilominus</span> <span class='ocrx_word' id='word_1_110' title='bbox 1189 1073 1252 1113; x_wconf 90' lang='lat' dir='ltr'>uti</span> <span class='ocrx_word' id='word_1_111' title='bbox 1282 1076 1509 1126; x_wconf 87' lang='lat' dir='ltr'>argentum</span> <span class='ocrx_word' id='word_1_112' title='bbox 1540 1082 1766 1125; x_wconf 87' lang='lat' dir='ltr'>perseque-</span> 
     </span>
     <span class='ocr_line' id='line_1_18' title="bbox 252 1136 1768 1202; baseline -0.011 -11"><span class='ocrx_word' id='word_1_113' title='bbox 252 1152 428 1202; x_wconf 76' lang='lat' dir='ltr'>bantur,</span> <span class='ocrx_word' id='word_1_114' title='bbox 460 1149 607 1202; x_wconf 86' lang='lat' dir='ltr'>itaque</span> <span class='ocrx_word' id='word_1_115' title='bbox 637 1144 805 1200; x_wconf 82' lang='lat' dir='ltr'>antiqui</span> <span class='ocrx_word' id='word_1_116' title='bbox 836 1143 1011 1198; x_wconf 88' lang='lat' dir='ltr'>egregia</span> <span class='ocrx_word' id='word_1_117' title='bbox 1042 1141 1165 1197; x_wconf 88' lang='lat' dir='ltr'>copia</span> <span class='ocrx_word' id='word_1_118' title='bbox 1186 1138 1278 1180; x_wconf 88' lang='lat' dir='ltr'>silis</span> <span class='ocrx_word' id='word_1_119' title='bbox 1309 1138 1363 1179; x_wconf 89' lang='lat' dir='ltr'>ad</span> <span class='ocrx_word' id='word_1_120' title='bbox 1395 1136 1648 1194; x_wconf 88' lang='lat' dir='ltr'>politionem</span> <span class='ocrx_word' id='word_1_121' title='bbox 1670 1150 1768 1191; x_wconf 88' lang='lat' dir='ltr'>ope-</span> 
     </span>
     <span class='ocr_line' id='line_1_19' title="bbox 251 1205 1766 1265; baseline -0.011 -7"><span class='ocrx_word' id='word_1_122' title='bbox 251 1233 344 1259; x_wconf 90' lang='lat' dir='ltr'>rum</span> <span class='ocrx_word' id='word_1_123' title='bbox 367 1222 466 1257; x_wconf 88' lang='lat' dir='ltr'>sunt</span> <span class='ocrx_word' id='word_1_124' title='bbox 496 1215 577 1255; x_wconf 90' lang='lat' dir='ltr'>usi.</span> <span class='ocrx_word' id='word_1_125' title='bbox 637 1214 742 1254; x_wconf 89' lang='lat' dir='ltr'>item</span> <span class='ocrx_word' id='word_1_126' title='bbox 772 1210 970 1251; x_wconf 85' lang='lat' dir='ltr'>rubricae</span> <span class='ocrx_word' id='word_1_127' title='bbox 992 1209 1162 1265; x_wconf 85' lang='lat' dir='ltr'>copiose</span> <span class='ocrx_word' id='word_1_128' title='bbox 1192 1206 1338 1247; x_wconf 86' lang='lat' dir='ltr'>multis</span> <span class='ocrx_word' id='word_1_129' title='bbox 1369 1205 1474 1246; x_wconf 89' lang='lat' dir='ltr'>locis</span> <span class='ocrx_word' id='word_1_130' title='bbox 1506 1205 1766 1256; x_wconf 74' lang='lat' dir='ltr'>eximuntur,</span> 
     </span>
     <span class='ocr_line' id='line_1_20' title="bbox 253 1270 1768 1340; baseline -0.011 -14"><span class='ocrx_word' id='word_1_131' title='bbox 253 1285 329 1326; x_wconf 85' lang='lat' dir='ltr'>sed</span> <span class='ocrx_word' id='word_1_132' title='bbox 361 1284 548 1340; x_wconf 84' lang='lat' dir='ltr'>optimae</span> <span class='ocrx_word' id='word_1_133' title='bbox 576 1280 744 1337; x_wconf 78' lang='lat' dir='ltr'>paucis,</span> <span class='ocrx_word' id='word_1_134' title='bbox 778 1285 822 1321; x_wconf 88' lang='lat' dir='ltr'>ut</span> <span class='ocrx_word' id='word_1_135' title='bbox 852 1279 990 1319; x_wconf 88' lang='lat' dir='ltr'>Ponto</span> <span class='ocrx_word' id='word_1_136' title='bbox 1013 1277 1193 1332; x_wconf 82' lang='lat' dir='ltr'>Sinope⁷</span> <span class='ocrx_word' id='word_1_137' title='bbox 1226 1280 1267 1315; x_wconf 91' lang='lat' dir='ltr'>et</span> <span class='ocrx_word' id='word_1_138' title='bbox 1288 1275 1490 1329; x_wconf 85' lang='lat' dir='ltr'>Aegypto</span> <span class='ocrx_word' id='word_1_139' title='bbox 1501 1305 1512 1326; x_wconf 65' lang='lat'><em>7</em></span> <span class='ocrx_word' id='word_1_140' title='bbox 1543 1272 1588 1312; x_wconf 90' lang='lat' dir='ltr'>in</span> <span class='ocrx_word' id='word_1_141' title='bbox 1609 1270 1768 1327; x_wconf 88' lang='lat' dir='ltr'>Hispa—</span> 
     </span>
     <span class='ocr_line' id='line_1_21' title="bbox 252 1339 1767 1401; baseline -0.01 -8"><span class='ocrx_word' id='word_1_142' title='bbox 252 1354 325 1393; x_wconf 90' lang='lat' dir='ltr'>nia</span> <span class='ocrx_word' id='word_1_143' title='bbox 354 1350 630 1401; x_wconf 82' lang='lat' dir='ltr'>Balearibus,</span> <span class='ocrx_word' id='word_1_144' title='bbox 671 1362 757 1388; x_wconf 91' lang='lat' dir='ltr'>non</span> <span class='ocrx_word' id='word_1_145' title='bbox 786 1347 928 1387; x_wconf 87' lang='lat' dir='ltr'>minus</span> <span class='ocrx_word' id='word_1_146' title='bbox 960 1346 1087 1386; x_wconf 86' lang='lat' dir='ltr'>ctiam</span> <span class='ocrx_word' id='word_1_147' title='bbox 1118 1344 1302 1395; x_wconf 75' lang='lat' dir='ltr'>Lemno,</span> <span class='ocrx_word' id='word_1_148' title='bbox 1342 1342 1462 1382; x_wconf 89' lang='lat' dir='ltr'>cuius</span> <span class='ocrx_word' id='word_1_149' title='bbox 1498 1339 1664 1382; x_wconf 90' lang='lat' dir='ltr'>insulae</span> <span class='ocrx_word' id='word_1_150' title='bbox 1695 1353 1767 1378; x_wconf 84' lang='lat' dir='ltr'>Ve-</span> 
     </span>
     <span class='ocr_line' id='line_1_22' title="bbox 255 1406 1770 1474; baseline -0.01 -13"><span class='ocrx_word' id='word_1_151' title='bbox 255 1418 428 1474; x_wconf 88' lang='lat' dir='ltr'>ctigalia</span> <span class='ocrx_word' id='word_1_152' title='bbox 452 1415 794 1459; x_wconf 85' lang='lat' dir='ltr'>Atheniensibus</span> <span class='ocrx_word' id='word_1_153' title='bbox 819 1411 990 1454; x_wconf 61' lang='lat' dir='ltr'>senatus</span> <span class='ocrx_word' id='word_1_154' title='bbox 1021 1410 1288 1468; x_wconf 86' lang='lat' dir='ltr'>populusque</span> <span class='ocrx_word' id='word_1_155' title='bbox 1309 1410 1525 1450; x_wconf 83' lang='lat' dir='ltr'>Romanus</span> <span class='ocrx_word' id='word_1_156' title='bbox 1558 1406 1770 1448; x_wconf 84' lang='lat' dir='ltr'>concessit</span> 
     </span>
     <span class='ocr_line' id='line_1_23' title="bbox 253 1473 1768 1541; baseline -0.01 -13"><span class='ocrx_word' id='word_1_157' title='bbox 253 1486 451 1528; x_wconf 83' lang='lat' dir='ltr'>fruenda.</span> <span class='ocrx_word' id='word_1_158' title='bbox 511 1482 807 1541; x_wconf 85' lang='lat' dir='ltr'>paraetonium</span> <span class='ocrx_word' id='word_1_159' title='bbox 829 1496 931 1522; x_wconf 76' lang='lat' dir='ltr'>vero</span> <span class='ocrx_word' id='word_1_160' title='bbox 953 1495 1007 1521; x_wconf 82' lang='lat' dir='ltr'>ex</span> <span class='ocrx_word' id='word_1_161' title='bbox 1038 1480 1144 1535; x_wconf 88' lang='lat' dir='ltr'>ipsis</span> <span class='ocrx_word' id='word_1_162' title='bbox 1176 1477 1282 1518; x_wconf 90' lang='lat' dir='ltr'>locis</span> <span class='ocrx_word' id='word_1_163' title='bbox 1304 1477 1418 1518; x_wconf 90' lang='lat' dir='ltr'>unde</span> <span class='ocrx_word' id='word_1_164' title='bbox 1448 1475 1611 1517; x_wconf 87' lang='lat' dir='ltr'>foditur</span> <span class='ocrx_word' id='word_1_165' title='bbox 1640 1473 1768 1515; x_wconf 87' lang='lat' dir='ltr'>habet</span> 
     </span>
     <span class='ocr_line' id='line_1_24' title="bbox 254 1542 1767 1601; baseline -0.009 -6"><span class='ocrx_word' id='word_1_166' title='bbox 254 1569 423 1596; x_wconf 90' lang='lat' dir='ltr'>nomen.</span> <span class='ocrx_word' id='word_1_167' title='bbox 492 1552 640 1592; x_wconf 87' lang='lat' dir='ltr'>eadem</span> <span class='ocrx_word' id='word_1_168' title='bbox 670 1551 835 1591; x_wconf 87' lang='lat' dir='ltr'>ratione</span> <span class='ocrx_word' id='word_1_169' title='bbox 865 1547 1090 1600; x_wconf 76' lang='lat' dir='ltr'>melinum,</span> <span class='ocrx_word' id='word_1_170' title='bbox 1131 1544 1245 1601; x_wconf 88' lang='lat' dir='ltr'>quod</span> <span class='ocrx_word' id='word_1_171' title='bbox 1283 1545 1372 1585; x_wconf 90' lang='lat' dir='ltr'>eius</span> <span class='ocrx_word' id='word_1_172' title='bbox 1403 1542 1621 1584; x_wconf 87' lang='lat' dir='ltr'>metallum</span> <span class='ocrx_word' id='word_1_173' title='bbox 1650 1542 1767 1581; x_wconf 90' lang='lat' dir='ltr'>insu-</span> 
     </span>
     <span class='ocr_line' id='line_1_25' title="bbox 256 1608 1767 1678; baseline -0.01 -15"><span class='ocrx_word' id='word_1_174' title='bbox 256 1623 321 1663; x_wconf 88' lang='lat' dir='ltr'>lae</span> <span class='ocrx_word' id='word_1_175' title='bbox 353 1620 520 1678; x_wconf 76' lang='lat' dir='ltr'>cycladi</span> <span class='ocrx_word' id='word_1_176' title='bbox 561 1618 676 1659; x_wconf 86' lang='lat' dir='ltr'>Melo</span> <span class='ocrx_word' id='word_1_177' title='bbox 717 1617 875 1658; x_wconf 88' lang='lat' dir='ltr'>dicitur</span> <span class='ocrx_word' id='word_1_178' title='bbox 914 1629 1020 1656; x_wconf 88' lang='lat' dir='ltr'>esse.</span> <span class='ocrx_word' id='word_1_179' title='bbox 1089 1620 1205 1654; x_wconf 87' lang='lat' dir='ltr'>creta</span> <span class='ocrx_word' id='word_1_180' title='bbox 1235 1611 1390 1653; x_wconf 76' lang='lat' dir='ltr'>viridis</span> <span class='ocrx_word' id='word_1_181' title='bbox 1429 1612 1530 1652; x_wconf 87' lang='lat' dir='ltr'>item</span> <span class='ocrx_word' id='word_1_182' title='bbox 1569 1608 1767 1666; x_wconf 89' lang='lat' dir='ltr'>pluribus</span> 
     </span>
     <span class='ocr_line' id='line_1_26' title="bbox 254 1676 1769 1742; baseline -0.01 -11"><span class='ocrx_word' id='word_1_183' title='bbox 254 1690 358 1732; x_wconf 88' lang='lat' dir='ltr'>locis</span> <span class='ocrx_word' id='word_1_184' title='bbox 402 1689 615 1741; x_wconf 77' lang='lat' dir='ltr'>nascitur,</span> <span class='ocrx_word' id='word_1_185' title='bbox 662 1685 738 1728; x_wconf 89' lang='lat' dir='ltr'>sed</span> <span class='ocrx_word' id='word_1_186' title='bbox 783 1685 944 1742; x_wconf 88' lang='lat' dir='ltr'>optima</span> <span class='ocrx_word' id='word_1_187' title='bbox 983 1682 1206 1738; x_wconf 80' lang='lat' dir='ltr'>Smyrnae.</span> <span class='ocrx_word' id='word_1_188' title='bbox 1278 1679 1388 1720; x_wconf 88' lang='lat' dir='ltr'>hanc</span> <span class='ocrx_word' id='word_1_189' title='bbox 1431 1684 1574 1719; x_wconf 87' lang='lat' dir='ltr'>autem</span> <span class='ocrx_word' id='word_1_190' title='bbox 1612 1676 1769 1718; x_wconf 82' lang='lat' dir='ltr'>Graeci</span> 
     </span>
     <span class='ocr_line' id='line_1_27' title="bbox 254 1744 1770 1808; baseline -0.011 -9"><span class='ocrx_word' id='word_1_191' title='bbox 254 1757 488 1799; x_wconf 72' lang='grc' dir='ltr'><em>θεοδοτιον</em></span> <span class='ocrx_word' id='word_1_192' title='bbox 526 1760 704 1806; x_wconf 76' lang='lat' dir='ltr'>vocant,</span> <span class='ocrx_word' id='word_1_193' title='bbox 747 1751 861 1808; x_wconf 89' lang='lat' dir='ltr'>quod</span> <span class='ocrx_word' id='word_1_194' title='bbox 899 1750 1148 1791; x_wconf 87' lang='lat' dir='ltr'>Theodotus</span> <span class='ocrx_word' id='word_1_195' title='bbox 1187 1748 1358 1788; x_wconf 90' lang='lat' dir='ltr'>nomine</span> <span class='ocrx_word' id='word_1_196' title='bbox 1396 1746 1537 1788; x_wconf 86' lang='lat' dir='ltr'>fuerat</span> <span class='ocrx_word' id='word_1_197' title='bbox 1568 1744 1687 1785; x_wconf 85' lang='lat' dir='ltr'>cuius</span> <span class='ocrx_word' id='word_1_198' title='bbox 1725 1744 1770 1784; x_wconf 90' lang='lat' dir='ltr'>in</span> 
     </span>
     <span class='ocr_line' id='line_1_28' title="bbox 254 1814 1768 1878; baseline -0.01 -12"><span class='ocrx_word' id='word_1_199' title='bbox 254 1825 388 1866; x_wconf 84' lang='lat' dir='ltr'>fundo</span> <span class='ocrx_word' id='word_1_200' title='bbox 410 1824 455 1865; x_wconf 88' lang='lat' dir='ltr'>id</span> <span class='ocrx_word' id='word_1_201' title='bbox 476 1837 611 1878; x_wconf 88' lang='lat' dir='ltr'>genus</span> <span class='ocrx_word' id='word_1_202' title='bbox 633 1826 774 1861; x_wconf 82' lang='lat' dir='ltr'>cretae</span> <span class='ocrx_word' id='word_1_203' title='bbox 803 1820 989 1875; x_wconf 86' lang='lat' dir='ltr'>primum</span> <span class='ocrx_word' id='word_1_204' title='bbox 1010 1824 1074 1859; x_wconf 89' lang='lat' dir='ltr'>est</span> <span class='ocrx_word' id='word_1_205' title='bbox 1103 1818 1343 1857; x_wconf 89' lang='lat' dir='ltr'>inventum.</span> <span class='ocrx_word' id='word_1_206' title='bbox 1391 1814 1768 1870; x_wconf 76' lang='lat' dir='ltr'>auripigmentum,</span> 
     </span>
     <span class='ocr_line' id='line_1_29' title="bbox 257 1880 1771 1949; baseline -0.01 -15"><span class='ocrx_word' id='word_1_207' title='bbox 257 1893 370 1949; x_wconf 82' lang='lat' dir='ltr'>quod</span> <span class='ocrx_word' id='word_1_208' title='bbox 411 1903 645 1945; x_wconf 74' lang='grc' dir='ltr'><em>αρσενικον</em></span> <span class='ocrx_word' id='word_1_209' title='bbox 689 1902 841 1942; x_wconf 82' lang='lat' dir='ltr'>graece</span> <span class='ocrx_word' id='word_1_210' title='bbox 887 1886 1066 1938; x_wconf 79' lang='lat' dir='ltr'>dicitur,</span> <span class='ocrx_word' id='word_1_211' title='bbox 1113 1883 1278 1925; x_wconf 84' lang='lat' dir='ltr'>foditur</span> <span class='ocrx_word' id='word_1_212' title='bbox 1316 1883 1467 1923; x_wconf 87' lang='lat' dir='ltr'>Ponto.</span> <span class='ocrx_word' id='word_1_213' title='bbox 1535 1880 1771 1921; x_wconf 88' lang='lat' dir='ltr'>sandaraca</span> 
     </span>
    </p>
   </div>
   <div class='ocr_carea' id='block_1_7' title="bbox 215 1947 1769 2015">
    <p class='ocr_par' dir='ltr' id='par_1_7' title="bbox 215 1947 1769 2015">
     <span class='ocr_line' id='line_1_30' title="bbox 215 1947 1769 2015; baseline -0.01 -13"><span class='ocrx_word' id='word_1_214' title='bbox 215 1972 227 1979; x_wconf 62' lang='lat'><strong>⁸</strong></span> <span class='ocrx_word' id='word_1_215' title='bbox 257 1963 359 2002; x_wconf 82' lang='lat' dir='ltr'>item</span> <span class='ocrx_word' id='word_1_216' title='bbox 390 1958 584 2015; x_wconf 86' lang='lat' dir='ltr'>pluribus</span> <span class='ocrx_word' id='word_1_217' title='bbox 615 1956 720 1997; x_wconf 87' lang='lat' dir='ltr'>locis</span> <span class='ocrx_word' id='word_1_218' title='bbox 731 1988 742 2008; x_wconf 62' lang='lat'><em>7</em></span> <span class='ocrx_word' id='word_1_219' title='bbox 776 1954 852 1995; x_wconf 84' lang='lat' dir='ltr'>sed</span> <span class='ocrx_word' id='word_1_220' title='bbox 874 1955 1033 2010; x_wconf 86' lang='lat' dir='ltr'>optima</span> <span class='ocrx_word' id='word_1_221' title='bbox 1063 1955 1200 1995; x_wconf 89' lang='lat' dir='ltr'>Ponto</span> <span class='ocrx_word' id='word_1_222' title='bbox 1223 1951 1419 2007; x_wconf 74' lang='lat' dir='ltr'>proxime</span> <span class='ocrx_word' id='word_1_223' title='bbox 1440 1949 1599 1990; x_wconf 90' lang='lat' dir='ltr'>flumen</span> <span class='ocrx_word' id='word_1_224' title='bbox 1620 1947 1769 2003; x_wconf 72' lang='lat' dir='ltr'>Hypa-</span> 
     </span>
    </p>
   </div>
   <div class='ocr_carea' id='block_1_8' title="bbox 256 2022 767 2067">
    <p class='ocr_par' dir='ltr' id='par_1_8' title="bbox 256 2022 767 2067">
     <span class='ocr_line' id='line_1_31' title="bbox 256 2022 767 2067; baseline -0.012 1"><span class='ocrx_word' id='word_1_225' title='bbox 256 2029 343 2067; x_wconf 81' lang='lat' dir='ltr'>nim</span> <span class='ocrx_word' id='word_1_226' title='bbox 374 2026 504 2066; x_wconf 83' lang='lat' dir='ltr'>habet</span> <span class='ocrx_word' id='word_1_227' title='bbox 535 2022 767 2064; x_wconf 85' lang='lat' dir='ltr'>metallum.</span> 
     </span>
    </p>
   </div>
   <div class='ocr_carea' id='block_1_9' title="bbox 258 2186 1773 2971">
    <p class='ocr_par' dir='ltr' id='par_1_9' title="bbox 258 2186 1773 2971">
     <span class='ocr_line' id='line_1_32' title="bbox 349 2186 1770 2233; baseline -0.009 -4"><span class='ocrx_word' id='word_1_228' title='bbox 349 2200 365 2229; x_wconf 94' lang='lat'>1</span> <span class='ocrx_word' id='word_1_229' title='bbox 393 2195 536 2229; x_wconf 88' lang='lat' dir='ltr'>subtilis</span> <span class='ocrx_word' id='word_1_230' title='bbox 556 2196 607 2228; x_wconf 83' lang='lat' dir='ltr'>ed.</span> <span class='ocrx_word' id='word_1_231' title='bbox 626 2194 695 2225; x_wconf 60' lang='lat' dir='ltr'>FA:</span> <span class='ocrx_word' id='word_1_232' title='bbox 722 2191 890 2224; x_wconf 88' lang='lat' dir='ltr'>subtilius</span> <span class='ocrx_word' id='word_1_233' title='bbox 909 2191 1021 2222; x_wconf 96' lang='grc' dir='ltr'><em>ΕΘΗ.</em></span> <span class='ocrx_word' id='word_1_234' title='bbox 1047 2188 1061 2233; x_wconf 93' lang='grc' dir='ltr'>Η</span> <span class='ocrx_word' id='word_1_235' title='bbox 1083 2192 1102 2222; x_wconf 84' lang='grc'>3</span> <span class='ocrx_word' id='word_1_236' title='bbox 1121 2189 1293 2222; x_wconf 85' lang='lat' dir='ltr'>aliissunt</span> <span class='ocrx_word' id='word_1_237' title='bbox 1309 2189 1357 2220; x_wconf 89' lang='lat' dir='ltr'>H.</span> <span class='ocrx_word' id='word_1_238' title='bbox 1381 2187 1396 2231; x_wconf 90' lang='grc' dir='ltr'>Η</span> <span class='ocrx_word' id='word_1_239' title='bbox 1425 2189 1661 2230; x_wconf 82' lang='lat' dir='ltr'>procreantur</span> <span class='ocrx_word' id='word_1_240' title='bbox 1678 2186 1770 2219; x_wconf 83' lang='grc' dir='ltr'><em>ΕΘ.;</em></span> 
     </span>
     <span class='ocr_line' id='line_1_33' title="bbox 258 2243 1773 2299; baseline -0.01 -12"><span class='ocrx_word' id='word_1_241' title='bbox 258 2254 520 2299; x_wconf 86' lang='lat' dir='ltr'>procrehentur</span> <span class='ocrx_word' id='word_1_242' title='bbox 545 2251 585 2282; x_wconf 86' lang='lat' dir='ltr'><em>H</em></span> <span class='ocrx_word' id='word_1_243' title='bbox 607 2250 661 2290; x_wconf 84' lang='lat' dir='ltr'>(Ic,</span> <span class='ocrx_word' id='word_1_244' title='bbox 687 2251 921 2291; x_wconf 82' lang='lat' dir='ltr'>procreentur</span> <span class='ocrx_word' id='word_1_245' title='bbox 945 2245 1032 2286; x_wconf 76' lang='lat' dir='ltr'>Llc).</span> <span class='ocrx_word' id='word_1_246' title='bbox 1065 2244 1080 2289; x_wconf 93' lang='grc' dir='ltr'>Η</span> <span class='ocrx_word' id='word_1_247' title='bbox 1113 2247 1132 2278; x_wconf 84' lang='grc'>5</span> <span class='ocrx_word' id='word_1_248' title='bbox 1157 2246 1389 2277; x_wconf 80' lang='lat' dir='ltr'>mixtionibus</span> <span class='ocrx_word' id='word_1_249' title='bbox 1422 2243 1693 2286; x_wconf 86' lang='lat' dir='ltr'>temperaturis:</span> <span class='ocrx_word' id='word_1_250' title='bbox 1724 2244 1773 2273; x_wconf 77' lang='lat' dir='ltr'>sie</span> 
     </span>
     <span class='ocr_line' id='line_1_34' title="bbox 259 2297 1772 2353; baseline -0.01 -10"><span class='ocrx_word' id='word_1_251' title='bbox 259 2312 373 2344; x_wconf 87' lang='grc' dir='ltr'><em>ΕΘΗ.</em></span> <span class='ocrx_word' id='word_1_252' title='bbox 395 2308 410 2353; x_wconf 93' lang='grc' dir='ltr'>Η</span> <span class='ocrx_word' id='word_1_253' title='bbox 432 2310 451 2340; x_wconf 84' lang='grc'>6</span> <span class='ocrx_word' id='word_1_254' title='bbox 478 2307 629 2340; x_wconf 87' lang='lat' dir='ltr'>eandem</span> <span class='ocrx_word' id='word_1_255' title='bbox 654 2305 865 2347; x_wconf 85' lang='lat' dir='ltr'>inoperibus</span> <span class='ocrx_word' id='word_1_256' title='bbox 890 2304 971 2337; x_wconf 85' lang='lat' dir='ltr'>EG:</span> <span class='ocrx_word' id='word_1_257' title='bbox 998 2303 1189 2335; x_wconf 87' lang='lat' dir='ltr'>ineandem</span> <span class='ocrx_word' id='word_1_258' title='bbox 1213 2301 1423 2344; x_wconf 86' lang='lat' dir='ltr'>inoperibus</span> <span class='ocrx_word' id='word_1_259' title='bbox 1439 2300 1481 2332; x_wconf 89' lang='lat' dir='ltr'><em>H</em></span> <span class='ocrx_word' id='word_1_260' title='bbox 1503 2299 1556 2341; x_wconf 79' lang='lat' dir='ltr'>(le,</span> <span class='ocrx_word' id='word_1_261' title='bbox 1582 2297 1772 2330; x_wconf 84' lang='lat' dir='ltr'>ineandem</span> 
     </span>
     <span class='ocr_line' id='line_1_35' title="bbox 261 2353 1771 2410; baseline -0.01 -10"><span class='ocrx_word' id='word_1_262' title='bbox 261 2368 432 2410; x_wconf 85' lang='lat' dir='ltr'>operibus</span> <span class='ocrx_word' id='word_1_263' title='bbox 459 2364 516 2404; x_wconf 83' lang='lat' dir='ltr'>L).</span> <span class='ocrx_word' id='word_1_264' title='bbox 550 2361 565 2406; x_wconf 94' lang='grc' dir='ltr'>Η</span> <span class='ocrx_word' id='word_1_265' title='bbox 595 2365 612 2394; x_wconf 83' lang='grc'><strong>7</strong></span> <span class='ocrx_word' id='word_1_266' title='bbox 639 2362 684 2393; x_wconf 88' lang='lat' dir='ltr'>sil</span> <span class='ocrx_word' id='word_1_267' title='bbox 712 2361 803 2402; x_wconf 87' lang='lat' dir='ltr'>quod</span> <span class='ocrx_word' id='word_1_268' title='bbox 829 2359 947 2391; x_wconf 61' lang='lat' dir='ltr'>Schw:</span> <span class='ocrx_word' id='word_1_269' title='bbox 975 2360 1101 2401; x_wconf 86' lang='lat' dir='ltr'>siquod</span> <span class='ocrx_word' id='word_1_270' title='bbox 1128 2359 1240 2392; x_wconf 86' lang='lat' dir='ltr'><strong><em>EGH.</em></strong></span> <span class='ocrx_word' id='word_1_271' title='bbox 1265 2355 1279 2400; x_wconf 93' lang='grc' dir='ltr'>Η</span> <span class='ocrx_word' id='word_1_272' title='bbox 1303 2358 1431 2389; x_wconf 86' lang='lat' dir='ltr'>ochras</span> <span class='ocrx_word' id='word_1_273' title='bbox 1456 2356 1568 2388; x_wconf 87' lang='lat' dir='ltr'><strong><em>EGII.</em></strong></span> <span class='ocrx_word' id='word_1_274' title='bbox 1593 2353 1607 2398; x_wconf 98' lang='grc' dir='ltr'>Η</span> <span class='ocrx_word' id='word_1_275' title='bbox 1630 2357 1649 2387; x_wconf 83' lang='grc'>9</span> <span class='ocrx_word' id='word_1_276' title='bbox 1676 2355 1771 2385; x_wconf 85' lang='lat' dir='ltr'>atica</span> 
     </span>
     <span class='ocr_line' id='line_1_36' title="bbox 259 2411 1768 2466; baseline -0.009 -10"><span class='ocrx_word' id='word_1_277' title='bbox 259 2426 308 2457; x_wconf 86' lang='lat' dir='ltr'>II.</span> <span class='ocrx_word' id='word_1_278' title='bbox 332 2422 347 2466; x_wconf 93' lang='grc' dir='ltr'>Η</span> <span class='ocrx_word' id='word_1_279' title='bbox 371 2425 412 2454; x_wconf 86' lang='grc'><strong>10</strong></span> <span class='ocrx_word' id='word_1_280' title='bbox 428 2421 650 2453; x_wconf 85' lang='lat' dir='ltr'>habuerunt:</span> <span class='ocrx_word' id='word_1_281' title='bbox 677 2419 725 2449; x_wconf 76' lang='lat' dir='ltr'>sic</span> <span class='ocrx_word' id='word_1_282' title='bbox 744 2417 854 2448; x_wconf 87' lang='grc' dir='ltr'><em>ΕΘΗ.</em></span> <span class='ocrx_word' id='word_1_283' title='bbox 878 2414 892 2458; x_wconf 94' lang='grc' dir='ltr'>Η</span> <span class='ocrx_word' id='word_1_284' title='bbox 917 2418 955 2447; x_wconf 76' lang='grc'>19.</span> <span class='ocrx_word' id='word_1_285' title='bbox 974 2415 1284 2458; x_wconf 83' lang='lat' dir='ltr'>persequebantur</span> <span class='ocrx_word' id='word_1_286' title='bbox 1302 2414 1381 2446; x_wconf 89' lang='lat' dir='ltr'>EG:</span> <span class='ocrx_word' id='word_1_287' title='bbox 1408 2413 1561 2443; x_wconf 84' lang='lat' dir='ltr'>—batur</span> <span class='ocrx_word' id='word_1_288' title='bbox 1577 2413 1618 2444; x_wconf 87' lang='lat' dir='ltr'><em>H</em></span> <span class='ocrx_word' id='word_1_289' title='bbox 1632 2411 1736 2452; x_wconf 79' lang='lat' dir='ltr'>(Lle).</span> <span class='ocrx_word' id='word_1_290' title='bbox 1755 2422 1768 2451; x_wconf 45' lang='grc' dir='ltr'>ᾗ(</span> 
     </span>
     <span class='ocr_line' id='line_1_37' title="bbox 262 2465 1771 2520; baseline -0.01 -8"><span class='ocrx_word' id='word_1_291' title='bbox 262 2483 302 2513; x_wconf 85' lang='grc'><strong>13</strong></span> <span class='ocrx_word' id='word_1_292' title='bbox 321 2479 480 2520; x_wconf 85' lang='lat' dir='ltr'>antiqui:</span> <span class='ocrx_word' id='word_1_293' title='bbox 509 2479 592 2508; x_wconf 86' lang='lat' dir='ltr'>ante</span> <span class='ocrx_word' id='word_1_294' title='bbox 610 2475 652 2507; x_wconf 92' lang='lat' dir='ltr'>E.</span> <span class='ocrx_word' id='word_1_295' title='bbox 677 2471 691 2515; x_wconf 89' lang='grc' dir='ltr'>Η</span> <span class='ocrx_word' id='word_1_296' title='bbox 716 2473 867 2514; x_wconf 82' lang='lat' dir='ltr'>egragia</span> <span class='ocrx_word' id='word_1_297' title='bbox 885 2473 933 2507; x_wconf 88' lang='grc' dir='ltr'>Η,</span> <span class='ocrx_word' id='word_1_298' title='bbox 956 2470 971 2515; x_wconf 92' lang='grc' dir='ltr'>Η</span> <span class='ocrx_word' id='word_1_299' title='bbox 995 2473 1037 2503; x_wconf 84' lang='grc'><strong>14</strong></span> <span class='ocrx_word' id='word_1_300' title='bbox 1053 2471 1166 2503; x_wconf 88' lang='lat' dir='ltr'>usuE</span> <span class='ocrx_word' id='word_1_301' title='bbox 1184 2475 1215 2502; x_wconf 80' lang='lat' dir='ltr'>et</span> <span class='ocrx_word' id='word_1_302' title='bbox 1233 2474 1310 2501; x_wconf 81' lang='lat' dir='ltr'>ante</span> <span class='ocrx_word' id='word_1_303' title='bbox 1328 2480 1416 2503; x_wconf 74' lang='lat' dir='ltr'>corr.</span> <span class='ocrx_word' id='word_1_304' title='bbox 1439 2468 1475 2501; x_wconf 88' lang='lat' dir='ltr'>G.</span> <span class='ocrx_word' id='word_1_305' title='bbox 1502 2465 1516 2510; x_wconf 93' lang='grc' dir='ltr'>Η</span> <span class='ocrx_word' id='word_1_306' title='bbox 1538 2468 1645 2499; x_wconf 86' lang='lat' dir='ltr'>locis:</span> <span class='ocrx_word' id='word_1_307' title='bbox 1674 2466 1771 2498; x_wconf 75' lang='lat' dir='ltr'>exlo-</span> 
     </span>
     <span class='ocr_line' id='line_1_38' title="bbox 262 2520 1773 2577; baseline -0.011 -8"><span class='ocrx_word' id='word_1_308' title='bbox 262 2538 313 2569; x_wconf 90' lang='lat' dir='ltr'>cis</span> <span class='ocrx_word' id='word_1_309' title='bbox 342 2537 381 2568; x_wconf 90' lang='lat' dir='ltr'>L.</span> <span class='ocrx_word' id='word_1_310' title='bbox 406 2533 421 2577; x_wconf 90' lang='grc' dir='ltr'>Η</span> <span class='ocrx_word' id='word_1_311' title='bbox 444 2535 483 2565; x_wconf 84' lang='lat'>15</span> <span class='ocrx_word' id='word_1_312' title='bbox 500 2535 609 2574; x_wconf 83' lang='lat' dir='ltr'>ponto</span> <span class='ocrx_word' id='word_1_313' title='bbox 634 2530 759 2571; x_wconf 90' lang='lat' dir='ltr'>sinope</span> <span class='ocrx_word' id='word_1_314' title='bbox 785 2529 865 2560; x_wconf 85' lang='lat' dir='ltr'>EG:</span> <span class='ocrx_word' id='word_1_315' title='bbox 891 2532 1021 2570; x_wconf 90' lang='lat' dir='ltr'>pontos</span> <span class='ocrx_word' id='word_1_316' title='bbox 1040 2528 1146 2569; x_wconf 91' lang='lat' dir='ltr'>inope</span> <span class='ocrx_word' id='word_1_317' title='bbox 1164 2527 1202 2557; x_wconf 89' lang='lat' dir='ltr'><em>H</em></span> <span class='ocrx_word' id='word_1_318' title='bbox 1227 2525 1282 2567; x_wconf 74' lang='lat' dir='ltr'>(L,</span> <span class='ocrx_word' id='word_1_319' title='bbox 1308 2527 1438 2567; x_wconf 90' lang='lat' dir='ltr'>pontus</span> <span class='ocrx_word' id='word_1_320' title='bbox 1456 2524 1562 2565; x_wconf 88' lang='lat' dir='ltr'>inope</span> <span class='ocrx_word' id='word_1_321' title='bbox 1581 2526 1620 2560; x_wconf 83' lang='lat' dir='ltr'>le,</span> <span class='ocrx_word' id='word_1_322' title='bbox 1646 2520 1773 2564; x_wconf 75' lang='lat' dir='ltr'>pont9.</span> 
     </span>
     <span class='ocr_line' id='line_1_39' title="bbox 260 2579 1772 2634; baseline -0.01 -10"><span class='ocrx_word' id='word_1_323' title='bbox 260 2593 367 2634; x_wconf 86' lang='lat' dir='ltr'>inope</span> <span class='ocrx_word' id='word_1_324' title='bbox 393 2592 440 2631; x_wconf 78' lang='grc' dir='ltr'>Ιι).</span> <span class='ocrx_word' id='word_1_325' title='bbox 470 2587 484 2632; x_wconf 91' lang='grc' dir='ltr'>Η</span> <span class='ocrx_word' id='word_1_326' title='bbox 514 2589 553 2619; x_wconf 85' lang='grc'><strong>16</strong></span> <span class='ocrx_word' id='word_1_327' title='bbox 577 2586 789 2619; x_wconf 83' lang='lat' dir='ltr'>balearibus</span> <span class='ocrx_word' id='word_1_328' title='bbox 808 2585 912 2617; x_wconf 86' lang='lat' dir='ltr'><strong><em>EGII</em></strong></span> <span class='ocrx_word' id='word_1_329' title='bbox 927 2584 984 2626; x_wconf 90' lang='lat' dir='ltr'>(L,</span> <span class='ocrx_word' id='word_1_330' title='bbox 1002 2583 1216 2616; x_wconf 75' lang='lat' dir='ltr'>bei-caribus</span> <span class='ocrx_word' id='word_1_331' title='bbox 1233 2581 1309 2622; x_wconf 79' lang='lat' dir='ltr'>lclz).</span> <span class='ocrx_word' id='word_1_332' title='bbox 1338 2579 1353 2623; x_wconf 91' lang='grc' dir='ltr'>Η</span> <span class='ocrx_word' id='word_1_333' title='bbox 1384 2582 1422 2612; x_wconf 78' lang='grc'><strong>17</strong></span> <span class='ocrx_word' id='word_1_334' title='bbox 1448 2579 1669 2622; x_wconf 87' lang='lat' dir='ltr'>populosque</span> <span class='ocrx_word' id='word_1_335' title='bbox 1695 2584 1772 2610; x_wconf 73' lang='lat' dir='ltr'>ante</span> 
     </span>
     <span class='ocr_line' id='line_1_40' title="bbox 261 2632 1771 2688; baseline -0.01 -9"><span class='ocrx_word' id='word_1_336' title='bbox 261 2660 351 2681; x_wconf 70' lang='lat' dir='ltr'>corr.</span> <span class='ocrx_word' id='word_1_337' title='bbox 378 2648 426 2680; x_wconf 89' lang='grc' dir='ltr'>Η.</span> <span class='ocrx_word' id='word_1_338' title='bbox 459 2644 473 2688; x_wconf 92' lang='grc' dir='ltr'>Η</span> <span class='ocrx_word' id='word_1_339' title='bbox 506 2646 546 2677; x_wconf 84' lang='grc'><strong>18</strong></span> <span class='ocrx_word' id='word_1_340' title='bbox 571 2642 805 2675; x_wconf 86' lang='lat' dir='ltr'>Parthonium</span> <span class='ocrx_word' id='word_1_341' title='bbox 824 2642 865 2677; x_wconf 88' lang='lat' dir='ltr'>E,</span> <span class='ocrx_word' id='word_1_342' title='bbox 891 2640 1150 2672; x_wconf 83' lang='lat' dir='ltr'>Parethonium</span> <span class='ocrx_word' id='word_1_343' title='bbox 1170 2639 1206 2676; x_wconf 83' lang='lat' dir='ltr'>G,</span> <span class='ocrx_word' id='word_1_344' title='bbox 1233 2637 1461 2680; x_wconf 85' lang='lat' dir='ltr'>paretonium</span> <span class='ocrx_word' id='word_1_345' title='bbox 1489 2636 1525 2668; x_wconf 90' lang='lat' dir='ltr'><em>H</em></span> <span class='ocrx_word' id='word_1_346' title='bbox 1549 2633 1651 2675; x_wconf 69' lang='lat' dir='ltr'>(Lle).</span> <span class='ocrx_word' id='word_1_347' title='bbox 1683 2632 1697 2675; x_wconf 91' lang='grc' dir='ltr'>ΙΙ</span> <span class='ocrx_word' id='word_1_348' title='bbox 1732 2635 1771 2665; x_wconf 84' lang='grc'><strong>19</strong></span> 
     </span>
     <span class='ocr_line' id='line_1_41' title="bbox 262 2691 1772 2738; baseline -0.011 -2"><span class='ocrx_word' id='word_1_349' title='bbox 262 2708 405 2737; x_wconf 80' lang='lat' dir='ltr'>ratione</span> <span class='ocrx_word' id='word_1_350' title='bbox 442 2701 612 2733; x_wconf 83' lang='lat' dir='ltr'>melinum</span> <span class='ocrx_word' id='word_1_351' title='bbox 638 2698 702 2730; x_wconf 92' lang='lat' dir='ltr'>EG</span> <span class='ocrx_word' id='word_1_352' title='bbox 733 2697 847 2738; x_wconf 70' lang='lat' dir='ltr'>(lccl1):</span> <span class='ocrx_word' id='word_1_353' title='bbox 874 2697 1049 2728; x_wconf 83' lang='lat' dir='ltr'>rationem</span> <span class='ocrx_word' id='word_1_354' title='bbox 1071 2696 1075 2736; x_wconf 87' lang='grc' dir='ltr'>Ι</span> <span class='ocrx_word' id='word_1_355' title='bbox 1099 2695 1233 2726; x_wconf 90' lang='lat' dir='ltr'>elinum</span> <span class='ocrx_word' id='word_1_356' title='bbox 1258 2694 1299 2724; x_wconf 92' lang='grc' dir='ltr'><em>Η</em></span> <span class='ocrx_word' id='word_1_357' title='bbox 1320 2692 1510 2733; x_wconf 87' lang='lat' dir='ltr'>(rationem</span> <span class='ocrx_word' id='word_1_358' title='bbox 1536 2691 1669 2722; x_wconf 88' lang='lat' dir='ltr'>elinum</span> <span class='ocrx_word' id='word_1_359' title='bbox 1695 2695 1772 2721; x_wconf 79' lang='lat' dir='ltr'>ante</span> 
     </span>
     <span class='ocr_line' id='line_1_42' title="bbox 262 2745 1772 2796; baseline -0.011 -4"><span class='ocrx_word' id='word_1_360' title='bbox 262 2772 351 2793; x_wconf 75' lang='lat' dir='ltr'>corr.</span> <span class='ocrx_word' id='word_1_361' title='bbox 377 2771 410 2796; x_wconf 78' lang='lat' dir='ltr'>c,</span> <span class='ocrx_word' id='word_1_362' title='bbox 437 2758 577 2790; x_wconf 63' lang='lat' dir='ltr'>rationo</span> <span class='ocrx_word' id='word_1_363' title='bbox 610 2754 707 2787; x_wconf 74' lang='lat' dir='ltr'>elinsi</span> <span class='ocrx_word' id='word_1_364' title='bbox 743 2754 795 2793; x_wconf 87' lang='lat' dir='ltr'>L).</span> <span class='ocrx_word' id='word_1_365' title='bbox 826 2752 840 2795; x_wconf 91' lang='grc' dir='ltr'>Η</span> <span class='ocrx_word' id='word_1_366' title='bbox 872 2754 950 2784; x_wconf 88' lang='lat' dir='ltr'>eius</span> <span class='ocrx_word' id='word_1_367' title='bbox 981 2751 1170 2784; x_wconf 82' lang='lat' dir='ltr'>metallum</span> <span class='ocrx_word' id='word_1_368' title='bbox 1202 2760 1280 2791; x_wconf 68' lang='lat' dir='ltr'>eqo:</span> <span class='ocrx_word' id='word_1_369' title='bbox 1320 2749 1396 2781; x_wconf 82' lang='lat' dir='ltr'>eius</span> <span class='ocrx_word' id='word_1_370' title='bbox 1427 2746 1567 2778; x_wconf 86' lang='lat' dir='ltr'>metalli</span> <span class='ocrx_word' id='word_1_371' title='bbox 1598 2746 1703 2777; x_wconf 84' lang='grc' dir='ltr'>ΕΘΗ</span> <span class='ocrx_word' id='word_1_372' title='bbox 1726 2745 1772 2784; x_wconf 86' lang='lat' dir='ltr'>(et</span> 
     </span>
     <span class='ocr_line' id='line_1_43' title="bbox 262 2801 1772 2858; baseline -0.011 -10"><span class='ocrx_word' id='word_1_373' title='bbox 262 2817 371 2858; x_wconf 80' lang='lat' dir='ltr'>epit.).</span> <span class='ocrx_word' id='word_1_374' title='bbox 395 2813 411 2858; x_wconf 93' lang='grc' dir='ltr'>Η</span> <span class='ocrx_word' id='word_1_375' title='bbox 430 2816 470 2846; x_wconf 81' lang='grc'><strong>21</strong></span> <span class='ocrx_word' id='word_1_376' title='bbox 491 2814 625 2846; x_wconf 87' lang='lat' dir='ltr'>zmirne</span> <span class='ocrx_word' id='word_1_377' title='bbox 647 2812 715 2843; x_wconf 87' lang='grc' dir='ltr'>ΘΗ</span> <span class='ocrx_word' id='word_1_378' title='bbox 738 2808 771 2849; x_wconf 88' lang='grc' dir='ltr'>(Ι,</span> <span class='ocrx_word' id='word_1_379' title='bbox 790 2820 878 2850; x_wconf 64' lang='lat' dir='ltr'>—ne</span> <span class='ocrx_word' id='word_1_380' title='bbox 906 2810 987 2846; x_wconf 75' lang='lat' dir='ltr'>Lclz,</span> <span class='ocrx_word' id='word_1_381' title='bbox 1014 2817 1154 2849; x_wconf 88' lang='lat' dir='ltr'>smyrne</span> <span class='ocrx_word' id='word_1_382' title='bbox 1173 2806 1232 2845; x_wconf 91' lang='lat' dir='ltr'>E).</span> <span class='ocrx_word' id='word_1_383' title='bbox 1262 2803 1277 2847; x_wconf 91' lang='grc' dir='ltr'>Η</span> <span class='ocrx_word' id='word_1_384' title='bbox 1300 2807 1342 2836; x_wconf 75' lang='grc'>2-2</span> <span class='ocrx_word' id='word_1_385' title='bbox 1368 2804 1452 2835; x_wconf 87' lang='lat' dir='ltr'>theo</span> <span class='ocrx_word' id='word_1_386' title='bbox 1471 2803 1578 2834; x_wconf 74' lang='lat' dir='ltr'>doteu</span> <span class='ocrx_word' id='word_1_387' title='bbox 1605 2802 1645 2833; x_wconf 88' lang='lat' dir='ltr'>II</span> <span class='ocrx_word' id='word_1_388' title='bbox 1666 2802 1707 2842; x_wconf 78' lang='lat' dir='ltr'>(e,</span> <span class='ocrx_word' id='word_1_389' title='bbox 1734 2801 1772 2832; x_wconf 89' lang='lat' dir='ltr'>th</span> 
     </span>
     <span class='ocr_line' id='line_1_44' title="bbox 264 2857 1772 2912; baseline -0.011 -9"><span class='ocrx_word' id='word_1_390' title='bbox 264 2873 415 2905; x_wconf 76' lang='lat' dir='ltr'>eodotefi</span> <span class='ocrx_word' id='word_1_391' title='bbox 434 2869 526 2912; x_wconf 71' lang='lat' dir='ltr'>Lllz),</span> <span class='ocrx_word' id='word_1_392' title='bbox 545 2867 759 2901; x_wconf 76' lang='lat' dir='ltr'>theothotel‘i</span> <span class='ocrx_word' id='word_1_393' title='bbox 779 2866 849 2897; x_wconf 89' lang='lat' dir='ltr'>EG.</span> <span class='ocrx_word' id='word_1_394' title='bbox 872 2863 888 2907; x_wconf 92' lang='grc' dir='ltr'>Η</span> <span class='ocrx_word' id='word_1_395' title='bbox 910 2867 951 2896; x_wconf 69' lang='lat'>24</span> <span class='ocrx_word' id='word_1_396' title='bbox 967 2864 1157 2896; x_wconf 82' lang='lat' dir='ltr'>arsenicon</span> <span class='ocrx_word' id='word_1_397' title='bbox 1176 2863 1286 2896; x_wconf 84' lang='grc' dir='ltr'><em>ΕΘΗ,</em></span> <span class='ocrx_word' id='word_1_398' title='bbox 1311 2859 1325 2904; x_wconf 91' lang='grc' dir='ltr'>Η</span> <span class='ocrx_word' id='word_1_399' title='bbox 1350 2864 1460 2902; x_wconf 87' lang='lat' dir='ltr'>ponto</span> <span class='ocrx_word' id='word_1_400' title='bbox 1475 2858 1678 2890; x_wconf 82' lang='lat' dir='ltr'>sandaraca</span> <span class='ocrx_word' id='word_1_401' title='bbox 1695 2857 1772 2888; x_wconf 87' lang='lat' dir='ltr'>EG:</span> 
     </span>
     <span class='ocr_line' id='line_1_45' title="bbox 263 2913 1772 2971; baseline -0.011 -11"><span class='ocrx_word' id='word_1_402' title='bbox 263 2932 392 2971; x_wconf 79' lang='lat' dir='ltr'>pontes</span> <span class='ocrx_word' id='word_1_403' title='bbox 419 2928 578 2961; x_wconf 83' lang='lat' dir='ltr'>andarea</span> <span class='ocrx_word' id='word_1_404' title='bbox 602 2926 641 2958; x_wconf 93' lang='grc' dir='ltr'><em>Η</em></span> <span class='ocrx_word' id='word_1_405' title='bbox 664 2925 788 2968; x_wconf 81' lang='lat' dir='ltr'>(ponto</span> <span class='ocrx_word' id='word_1_406' title='bbox 806 2922 984 2956; x_wconf 81' lang='lat' dir='ltr'>Sandarea</span> <span class='ocrx_word' id='word_1_407' title='bbox 1002 2922 1084 2962; x_wconf 74' lang='lat' dir='ltr'>Lclz,</span> <span class='ocrx_word' id='word_1_408' title='bbox 1109 2921 1210 2952; x_wconf 82' lang='lat' dir='ltr'>——ria</span> <span class='ocrx_word' id='word_1_409' title='bbox 1227 2917 1263 2962; x_wconf 87' lang='lat' dir='ltr'>l).</span> <span class='ocrx_word' id='word_1_410' title='bbox 1287 2917 1302 2961; x_wconf 91' lang='grc' dir='ltr'>Η</span> <span class='ocrx_word' id='word_1_411' title='bbox 1324 2919 1366 2950; x_wconf 81' lang='lat'>25</span> <span class='ocrx_word' id='word_1_412' title='bbox 1384 2916 1459 2958; x_wconf 84' lang='lat' dir='ltr'>hy(i</span> <span class='ocrx_word' id='word_1_413' title='bbox 1475 2915 1641 2957; x_wconf 86' lang='lat' dir='ltr'>G)panim</span> <span class='ocrx_word' id='word_1_414' title='bbox 1659 2913 1772 2945; x_wconf 83' lang='grc' dir='ltr'><em>ΕΘΗ.</em></span> 
     </span>
    </p>
   </div>
   <div class='ocr_carea' id='block_1_10' title="bbox 1794 1484 1813 1513">
    <p class='ocr_par' dir='ltr' id='par_1_10' title="bbox 1794 1484 1813 1513">
     <span class='ocr_line' id='line_1_46' title="bbox 1794 1484 1813 1513; baseline 0 0"><span class='ocrx_word' id='word_1_415' title='bbox 1794 1484 1813 1513; x_wconf 87' lang='lat'><strong>3</strong></span> 
     </span>
    </p>
   </div>
   <div class='ocr_carea' id='block_1_11' title="bbox 1795 1822 1814 1851">
    <p class='ocr_par' dir='ltr' id='par_1_11' title="bbox 1795 1822 1814 1851">
     <span class='ocr_line' id='line_1_47' title="bbox 1795 1822 1814 1851; textangle 90"><span class='ocrx_word' id='word_1_416' title='bbox 1795 1822 1814 1851; x_wconf 57' lang='lat'>&lt;51</span> 
     </span>
    </p>
   </div>
  </div>
 </body>
</html>
