1909 3322
224 233 303 274 180
869 236 1077 266 VITRUVII

178 355 209 386 X
340 340 566 396 Ingrediar
596 353 711 380 nunc
740 338 796 379 ad
827 352 876 378 ea
907 352 1015 393 quae
1045 351 1100 378 ex
1129 335 1225 377 aliis
1257 334 1488 390 generibus
1517 333 1734 374 tractatio-
1762 341 1779 371 1

222 426 324 451 num
356 408 659 464 temperaturis
691 411 951 448 commutata
979 405 1195 460 recipiunt
1216 401 1404 442 colorum
1434 401 1734 457 proprietates,

224 485 265 519 et
306 478 491 532 primum
524 489 737 531 exponam
768 473 823 522 de
850 477 1110 524 atramento,
1151 470 1271 510 cuius
1310 483 1413 509 usus
1452 470 1497 509 in
1535 466 1736 523 operibus

222 560 400 600 magnas
427 544 557 584 habet
579 542 873 594 necessitates,
904 546 952 582 ut
983 541 1069 580 sint
1088 544 1214 579 notae
1236 534 1595 592 quemadmodum
1616 547 1736 590 prae-

177 625 196 655 5
222 619 425 670 parentur
464 611 593 652 certis
631 609 869 651 rationibus
909 607 1189 648 artificiorum
1226 603 1281 644 ad
1322 602 1368 644 id
1405 608 1736 658 temperaturae.

226 694 410 736 namque
454 678 706 719 aedificatur
749 676 867 718 locus
903 675 967 716 uti
1011 673 1249 714 laconicum
1288 677 1330 712 et
1374 669 1591 726 expolitur
1627 683 1736 709 mar·
1762 679 1782 708 2

222 762 339 789 more
379 745 596 788 subtiliter
636 750 677 785 et
714 744 943 798 levigatur.
1009 747 1108 782 ante
1146 739 1207 780 id.
1231 739 1279 780 fit
1316 737 1537 779 fornacula
1574 736 1739 777 habens

222 818 267 857 in
303 815 543 856 laconicum
581 826 728 864 nares,
775 817 816 852 et
855 811 945 851 eius
983 807 1279 864 praefurnium
1316 820 1472 861 magna
1508 803 1736 859 diligentia

223 883 519 938 comprimitur
555 895 609 921 ne
646 880 817 920 flamma
848 883 970 918 extra
1001 876 1250 931 dissipetur.
1310 875 1355 914 in
1394 873 1568 914 fornace
1598 871 1738 912 resina

161 962 200 992 10
225 950 484 992 conlocatur.
544 949 654 989 hanc
682 953 825 987 autem
855 945 968 999 ignis
1001 949 1191 999 potestas
1213 941 1377 982 urendo
1399 942 1515 996 cogit
1546 940 1740 980 emittere

225 1033 300 1074 per
330 1032 454 1058 nares
486 1017 599 1057 intra
629 1015 869 1055 laconicum
899 1011 1145 1066 fuliginem,
1178 1023 1286 1065 quae
1317 1009 1430 1049 cirea
1460 1009 1669 1064 parietem
1700 1011 1741 1045 et

227 1100 418 1126 camerae
450 1089 725 1124 curvaturam
755 1080 1039 1121 adhaerescit.
1098 1077 1200 1118 inde
1231 1076 1409 1118 collecta
1439 1077 1596 1132 partim
1628 1088 1739 1114 com-

226 1154 401 1209 ponitur
432 1167 485 1192 ex
516 1150 680 1205 gummi
714 1148 891 1190 subacta
921 1147 977 1187 ad
1007 1145 1392 1187 usum'atramenti
1423 1143 1610 1195 librarii,
1643 1140 1739 1181 reli-

227 1235 310 1276 qua
348 1225 532 1260 tectores
579 1216 795 1272 glutinum
841 1215 1127 1255 admiscentes
1175 1214 1218 1253 in
1263 1210 1502 1268 parietibus
1546 1215 1740 1250 utuntur.

162 1299 200 1328 15
227 1288 262 1329 si
294 1293 438 1328 autem
476 1286 555 1326 hae
586 1285 734 1340 copiae
763 1298 849 1324 non
885 1282 1047 1322 fuerint
1083 1286 1279 1336 paratae,
1320 1280 1380 1319 ita
1409 1275 1740 1319 necessitatibus
1767 1284 1786 1314 3

227 1357 308 1396 erit
338 1352 751 1404 administrandum,
790 1366 843 1391 ne
882 1349 1182 1405 expectatione
1220 1361 1364 1389 morae
1393 1361 1461 1387 res
1493 1345 1741 1386 retineatur.

228 1428 442 1464 sarmenta
472 1426 546 1460 aut
583 1419 735 1460 taedae
767 1417 958 1458 schidiae
990 1415 1317 1468 comburantur,
1358 1429 1453 1455 cum
1493 1418 1615 1453 erunt
1651 1425 1741 1451 car-

230 1493 359 1531 bones
383 1489 707 1542 extinguantur,
741 1485 897 1526 deinde
928 1486 973 1525 in
994 1483 1198 1524 mortario
1222 1497 1317 1522 cum
1338 1481 1504 1536 glutino
1535 1484 1740 1520 terantur.

228 1559 286 1598 ita
321 1558 401 1597 crit
431 1560 716 1596 atramentum
755 1551 989 1594 tectoribus
1020 1566 1106 1592 non
1135 1551 1427 1591 invenustum.
1487 1563 1570 1588 non
1602 1547 1742 1586 minus
1766 1554 1787 1583 4

160 1635 202 1664 20
229 1626 264 1666 si
295 1625 396 1664 faex
418 1623 509 1663 vini
540 1621 730 1662 arefacta
759 1626 800 1661 et
831 1626 950 1660 cocta
981 1619 1026 1658 in
1056 1618 1228 1659 fornace
1258 1616 1388 1657 fucrit
1419 1622 1460 1656 et
1492 1629 1539 1655 ea
1561 1613 1744 1654 contrita

229 1708 325 1733 cum
355 1690 521 1745 glutino
564 1690 608 1729 in
640 1702 767 1744 opere
798 1686 1039 1738 inducetur,
1073 1699 1200 1740 super
1231 1698 1356 1739 quam
1387 1682 1617 1724 atramenti
1648 1694 1741 1721 sua-

230 1759 377 1800 vitatis
410 1757 569 1798 efficiet
602 1755 808 1807 colorem,
841 1760 882 1794 et
914 1768 995 1809 quo
1028 1753 1164 1807 magis
1198 1766 1252 1791 ex
1282 1749 1459 1791 meliore
1490 1750 1591 1789 vino
1623 1761 1742 1804 para-

229 1827 365 1879 bitur,
405 1840 489 1866 non
528 1822 654 1864 modo
686 1822 915 1863 atramenti
955 1820 1030 1861 sed
1070 1820 1196 1860 etiam
1236 1818 1371 1859 indici
1410 1816 1592 1859 colorem
1625 1814 1745 1855 dabit

230 1894 403 1935 imitari.

166 1992 215 2022 XI
348 1980 546 2022 Caerulei
576 1980 908 2035 temperationes
938 1976 1232 2018 Alexandriae
1262 1975 1446 2031 primum
1469 1979 1567 2015 sunt
1597 1973 1743 2013 inven-
1772 1980 1788 2010 1

164 2060 206 2090 2ss
232 2057 325 2103 tae,
359 2055 507 2104 postea
530 2048 632 2087 item
653 2047 879 2087 Vestorius
902 2044 1092 2085 Puteolis
1114 2043 1304 2084 instituit
1325 2040 1586 2082 faciundum.
1636 2040 1745 2080 ratio

233 2123 375 2156 autem
416 2115 506 2155 eius
548 2128 569 2153 e
607 2112 762 2168 quibus
804 2119 865 2152 est
908 2113 1085 2151 inventa
1122 2111 1225 2150 satis
1265 2108 1396 2149 habet
1432 2107 1744 2149 admirationis.

234 2183 393 2223 harena
432 2182 540 2221 enim
590 2194 685 2220 cum
729 2179 831 2219 nitri
877 2178 978 2218 flore
1017 2178 1252 2219 conteritur
1295 2175 1402 2215 adeo
1445 2173 1663 2215 subtiliter
1699 2179 1747 2213 ut

236 2249 447 2289 efficiatur
475 2246 832 2303 quemadmodum
864 2247 1023 2297 farina,
1057 2251 1097 2285 et
1127 2258 1198 2285 aes
1221 2243 1415 2299 cyprium
1446 2241 1559 2282 limis
1591 2241 1746 2281 crassis

168 2330 210 2359 30
235 2317 298 2357 uti
320 2316 461 2357 scobis
492 2316 674 2355 fractum
697 2315 778 2353 ista
799 2312 1099 2368 ermspargstur
1118 2318 1165 2351 ut
1186 2310 1540 2365 conglomeretur.
1590 2306 1747 2348 deinde

241 2532 328 2573 (Lm,
356 2531 592 2573 procereatur
616 2528 658 2569 c).
690 2526 704 2569 Η
738 2529 756 2559 ’7
784 2528 821 2558 fit
848 2528 949 2559 Eril]
975 2526 1041 2567 (LI,
1068 2527 1114 2558 sit
1139 2525 1205 2567 cll).
1239 2523 1253 2566 ΙΙ
1284 2527 1303 2556 9
1329 2535 1373 2556 ne
1400 2524 1479 2556 EG:
1507 2533 1573 2555 uec
1598 2522 1637 2553 H
1660 2521 1747 2562 (Llc,

240 2598 308 2620 neo
325 2588 355 2624 h,
382 2597 453 2617 nea
477 2585 540 2626 lac).
565 2582 580 2627 ΙΙ
605 2586 644 2616 10
663 2583 862 2615 collocatur
882 2584 958 2615 EG:
987 2581 1179 2614 eollocsswr
1197 2581 1232 2611 Il
1251 2580 1330 2621 (ele).
1352 2578 1367 2622 Η
1392 2582 1431 2611 13
1458 2579 1610 2610 subacta
1629 2577 1745 2608 Solem:

240 2645 392 2675 subacto
419 2642 531 2673 ΕΘΗ.
561 2637 576 2682 Η
610 2640 752 2681 reliqua
768 2641 861 2671 dom:
888 2639 1066 2680 reliquum
1086 2637 1196 2669 ΕΘΗ.
1222 2634 1237 2678 Η
1261 2637 1299 2666 15
1317 2637 1347 2666 si
1366 2639 1505 2667 autem:
1530 2636 1578 2665 sic
1595 2632 1707 2664 ΕΘΗ.

246 2701 282 2730 16
308 2699 527 2731 retineatur:
553 2697 602 2727 sic
628 2695 739 2727 ΕΘΗ.
773 2693 790 2737 ss
818 2697 857 2726 21
886 2705 992 2736 super
1010 2704 1115 2735 quam
1133 2702 1208 2723 nos:
1237 2701 1414 2732 superque
1433 2690 1543 2720 ΕΘΗ.
1566 2686 1582 2730 ΙΙ
1605 2689 1647 2719 25
1667 2697 1746 2718 cae-

242 2754 331 2786 rulei
356 2756 429 2785 erl:
458 2751 597 2784 caeruli
624 2750 753 2792 (cei-uli
782 2751 825 2790 E>
852 2751 964 2781 ΕΘΗ.
996 2748 1010 2792 Η
1042 2751 1083 2781 26
1108 2748 1304 2780 vestorins:
1337 2748 1385 2777 sic
1410 2745 1522 2776 EGH.
1555 2742 1569 2786 [Ι
1608 2743 1748 2774 faciun-

243 2811 324 2841 dum
353 2810 417 2841 ΘΙ]
436 2808 538 2849 (Me),
566 2806 775 2839 faciendum
803 2807 843 2838 E.
878 2806 892 2848 Η
923 2808 964 2838 27
991 2807 1068 2837 eius
1095 2804 1264 2846 equibus:
1294 2804 1342 2834 sic·
1368 2801 1478 2832 ΕΘΗ.
1509 2797 1524 2841 Η
1555 2800 1597 2830 29
1623 2802 1660 2829 et
1685 2808 1747 2829 aes

246 2865 300 2905 (es
327 2866 367 2904 G)
396 2874 541 2906 cyprum
569 2862 719 2905 (ciprum
752 2862 797 2903 E)
826 2862 926 2893 ΕΘΙΙ
953 2860 1127 2904 (cyprium
1154 2859 1232 2899 esa).
1263 2856 1279 2901 Η
1319 2859 1361 2889 30
1392 2858 1544 2888 fractum
1571 2856 1641 2887 ista
1667 2865 1745 2897 2²90:

247 2921 383 2953 factam
413 2920 526 2960 (facta
552 2920 597 2962 E)
624 2919 736 2953 mixta
762 2918 874 2951 ΕΘΗ.
904 2915 918 2961 [Ι
952 2916 1205 2961 conspargitur
1231 2914 1341 2947 ΕΘΗ.
