1899 3322
119 1277 139 1306 [ὃ

591 189 652 219 DE
684 188 1040 220 AncnrrEcTURA
1072 189 1163 218 Lm.
1196 164 1250 218 vs
1605 177 1682 217 103

542 382 817 430 LIBER
871 380 1302 441 QUINTUS.

277 518 366 572 Qui
403 518 685 575 amplioribus
724 515 1038 568 voluminibus,
1078 517 1331 571 imperator,
1371 516 1535 570 ingenii
1567 515 1681 570 cogi-

163 589 347 631 tationes
394 591 710 643 praeceptaque
754 583 1104 641 explicaverunt,
1152 583 1363 623 maximas
1405 589 1446 624 et
1486 584 1680 637 egregias

162 656 414 697 adiecerunt
435 654 525 695 suis
548 653 721 708 scriptis
743 652 1034 693 auctoritates.
1081 650 1195 706 quod
1217 651 1346 691 etiam
1368 650 1438 690 vel
1459 651 1504 690 in
1524 652 1682 692 nostris

163 736 334 780 quoque
364 720 520 763 studiis
552 735 618 760 res
651 726 890 776 pateretur,
930 725 977 759 ut
1007 717 1416 774 amplificationibus
1448 719 1681 759 auctoritas

164 798 207 832 et
236 792 282 831 in
312 790 378 830 his
410 788 651 844 praeceptis
684 793 930 842 augeretur,
963 786 1040 827 sed
1061 785 1107 826 id
1127 800 1213 826 non
1236 792 1299 825 est
1321 785 1684 840 quemadmodum

162 864 338 915 putatur
370 856 635 913 expeditum.
695 869 781 895 non
819 855 931 894 enim
971 853 1023 893 de
1063 852 1350 894 architectura
1388 853 1449 892 sic
1481 852 1686 893 scribitur

162 927 228 968 uti
265 925 445 967 historia
484 930 557 964 aut
596 928 807 979 poemata.
868 921 1074 962 historiae
1112 934 1189 975 per
1227 934 1272 960 se
1310 925 1458 961 tenent
1488 918 1683 960 lectores.

163 994 323 1038 habent
362 992 475 1033 enim
505 1005 714 1032 novarum
752 1004 896 1030 rerum
935 989 1076 1029 varias
1117 988 1454 1044 expectationes.
1515 1001 1683 1043 poema-

162 1069 304 1104 torum
340 1074 443 1100 vero
481 1065 617 1099 metra
657 1064 697 1098 et
734 1057 866 1113 pedes
903 1072 952 1097 ac
991 1055 1221 1096 verborum
1253 1053 1424 1109 elegans
1458 1055 1685 1110 dispositio

163 1136 205 1171 et
235 1128 544 1170 sententiarum
574 1127 687 1166 inter
717 1139 919 1181 personas
952 1124 1178 1164 distinctas
1209 1122 1265 1162 ad
1295 1136 1469 1162 versum
1500 1137 1686 1178 pronun-

163 1197 287 1240 tiatio
317 1193 596 1252 prolectando
628 1207 780 1233 sensus
811 1192 1049 1247 legentium
1079 1190 1277 1247 perducit
1316 1191 1407 1230 sine
1439 1190 1601 1231 offensa
1630 1190 1686 1230 ad

164 1278 375 1307 summam
397 1263 656 1318 scriptorum
677 1260 1038 1301 terminationem.
1077 1258 1122 1300 id
1142 1264 1285 1299 autem
1307 1259 1352 1298 in
1372 1257 1686 1299 architecturae

165 1329 556 1387 conscriptionibus
602 1344 687 1369 non
733 1333 875 1384 potest
920 1326 1035 1379 fieri,
1085 1325 1200 1381 quod
1238 1324 1446 1366 vocabula
1487 1340 1542 1365 ex
1579 1325 1684 1366 artis

164 1400 337 1457 propria
366 1398 625 1439 necessitate
656 1401 862 1450 concepta
890 1395 1140 1435 inconsueto
1161 1407 1357 1434 sermone
1378 1392 1570 1434 obiciunt
1592 1407 1686 1433 sen-

164 1468 284 1510 sibus
307 1466 626 1508 obscuritatem.
679 1478 775 1504 cum
806 1477 907 1517 ergo
939 1476 988 1502 ea
1018 1476 1095 1518 per
1125 1475 1170 1502 se
1201 1476 1286 1502 non
1316 1461 1401 1501 sint
1430 1466 1580 1516 aperta
1608 1474 1686 1500 nec

164 1541 340 1593 pateant
371 1548 517 1575 eorum
547 1534 593 1573 in
624 1529 936 1573 consuetudine
956 1530 1143 1582 nomina,
1176 1536 1267 1571 tum
1290 1529 1419 1569 etiam
1440 1534 1686 1584 praecepto-

164 1619 261 1645 rum
292 1602 378 1644 late
409 1607 618 1656 vagantes
651 1600 904 1655 scripturae,
937 1599 974 1638 si
1006 1612 1091 1638 non
1124 1596 1434 1638 contrahantur
1466 1602 1506 1636 ct
1537 1596 1685 1651 paucis

167 1679 207 1713 et
237 1669 471 1727 perlucidis
511 1667 736 1709 sententiis
777 1664 1068 1722 explicentur,
1108 1664 1351 1720 frequentia
1390 1663 1686 1704 multitudine-

167 1754 248 1795 que
279 1737 486 1778 sermonis
518 1734 766 1791 inpediente
804 1734 988 1773 incertas
1027 1732 1263 1787 legentium
1303 1730 1488 1771 efficient
1527 1731 1685 1784 cogita·
1712 1744 1720 1754 ⁴

166 1809 318 1849 tiones.
378 1805 524 1860 itaque
555 1801 743 1844 occultas
775 1801 1087 1843 nominationes
1119 1812 1473 1854 commensusque
1504 1812 1526 1838 e
1556 1811 1686 1837 mem-

166 1875 256 1916 bris
294 1887 471 1930 operum
508 1870 814 1927 pronuntians,
855 1875 902 1909 ut
940 1868 1169 1908 memoriae
1208 1866 1455 1917 tradantur,
1495 1864 1688 1905 breviter

168 1956 394 1999 exponam.
456 1940 517 1981 sic
549 1939 662 1979 enim
694 1935 940 1993 expeditius
974 1950 1023 1975 ea
1053 1936 1244 1991 recipcre
1275 1939 1477 1991 poterunt
1507 1939 1685 1973 mentes.

166 2026 253 2052 non
288 2010 431 2050 minus
470 2022 567 2048 cum
604 2003 1007 2046 animadvertissem
1055 2003 1287 2044 distentam
1333 2000 1686 2057 occupationibus

168 2079 390 2120 civitatem
421 2073 606 2132 publicis
639 2079 679 2114 et
710 2071 892 2129 privatis
924 2071 1132 2126 negotiis,
1173 2070 1322 2127 paucis
1361 2068 1551 2109 iudicavi
1585 2068 1685 2109 scri-

167 2144 378 2198 bendum,
424 2143 488 2184 uti
518 2146 702 2196 angusto
740 2140 879 2196 spatio
918 2139 1146 2180 vacuitatis
1187 2152 1235 2178 ea
1273 2136 1464 2191 legentes
1496 2135 1688 2176 breviter

165 2214 385 2270 percipere
414 2216 603 2267 possent.

585 2355 604 2377 4

259 2417 418 2451 Vitruvii
442 2415 536 2447 liber
561 2416 713 2456 quartus
739 2412 899 2454 explicit.
926 2411 1058 2453 incipit
1082 2411 1172 2443 liber
1198 2411 1344 2452 quintus
1372 2410 1405 2440 H
1431 2408 1487 2448 (L,
1515 2419 1574 2439 0711.
1603 2418 1685 2439 nom.

170 2499 200 2528 c,
226 2489 296 2519 sine
322 2487 371 2518 tic.
398 2485 443 2525 lt),
471 2482 619 2515 vitruvii
646 2481 759 2524 explic
793 2470 841 2512 lii>
870 2481 1042 2521 quartus.
1062 2479 1191 2521 incipit
1218 2478 1374 2520 quintus.
1402 2476 1439 2509 G.

260 2555 279 2585 9
311 2554 559 2594 poematorum
590 2560 675 2582 vero
713 2549 913 2581 carminum
950 2550 1065 2579 metra
1104 2547 1169 2578 GH
1209 2545 1363 2586 (glossam
1395 2544 1491 2575 eiecit
1532 2541 1642 2581 Lora).
1682 2542 1684 2580 Ι

172 2613 211 2643 11
238 2609 431 2642 distinctas
458 2607 504 2639 ad
529 2617 672 2639 versum
697 2616 774 2648 esso:
802 2604 995 2635 distinctas
1021 2613 1187 2636 versuum
1216 2602 1291 2634 GH.
1330 2599 1344 2643 Η
1386 2602 1424 2631 12
1450 2598 1687 2640 proiectando

171 2672 248 2699 ante
273 2676 363 2698 corr.
392 2665 430 2696 G.
459 2661 473 2705 Η
508 2664 547 2695 16
579 2662 667 2695 Cum
700 2672 785 2704 ergo
819 2671 862 2692 ea
888 2661 923 2691 ll
950 2659 1063 2700 (Llc):
1105 2659 1193 2691 Cum
1227 2668 1269 2689 ea
1296 2668 1379 2698 ergo
1413 2656 1449 2687 G.
1488 2652 1502 2696 Η
1542 2655 1582 2685 18
1615 2654 1687 2686 late

171 2725 350 2765 vagantes
371 2721 398 2753 G
417 2720 507 2762 (lll):
534 2719 611 2751 lata
637 2720 837 2761 evagantes
863 2716 942 2758 (pro
968 2716 1067 2748 latae
1093 2717 1114 2747 i.
1141 2715 1215 2757 lataeg
1233 2713 1281 2755 v.)
1310 2712 1450 2753 ΙΙ(1υῒιίι
1477 2722 1558 2753 vag.
1578 2709 1644 2750 elz).
1668 2710 1683 2743 u

174 2789 245 2811 non
272 2777 534 2810 contrahantur
558 2778 629 2808 ed.:
656 2786 726 2807 non
754 2773 1009 2806 contrahentur
1037 2772 1101 2804 GH
1127 2770 1183 2812 (ll,
1211 2781 1280 2801 non
1306 2768 1498 2799 trahentur
1522 2766 1578 2807 lc).
1601 2763 1617 2808 Η
1648 2767 1687 2797 19

176 2835 421 2877 explicentur:
458 2834 506 2865 sic
533 2833 599 2864 GH
631 2830 874 2873 (explicantur
905 2831 934 2860 Ic
960 2826 1031 2870 [v]).
1063 2827 1077 2870 11
1109 2830 1152 2859 2-1
1186 2828 1227 2857 οῦ
1258 2828 1283 2855 (i
1310 2825 1389 2864 (l10):
1425 2834 1502 2855 eum
1530 2823 1566 2854 II
1597 2822 1629 2862 (c
1655 2826 1685 2853 e!

175 2895 253 2923 ante
278 2900 368 2923 corr.
393 2889 440 2928 Ιι).

1713 1066 1752 1097 10

1714 1404 1753 1434 15
