1899 3322
104 590 124 620 Οἱ

83 925 124 957 10

84 1263 126 1293 15

87 2274 130 2304 30

393 209 455 238 DE
488 209 700 238 Divssnsls
734 209 944 239 minimis
976 208 1423 239 Ancmrssc'roxlcmc.
1586 198 1668 237 280

148 310 342 366 plerique
381 310 610 351 duodecim
650 316 802 350 ventos
842 325 934 351 esse
971 311 1249 363 adseverant,
1296 316 1342 350 ut
1379 315 1444 351 est
1480 310 1524 350 in
1561 304 1667 350 urbe

147 378 284 418 Roma
304 377 458 418 Triton
489 391 646 418 aeneus
678 392 775 418 011111
805 377 986 417 totidem
1007 378 1254 419 thoracibus
1277 383 1504 418 ventorum
1525 376 1665 418 factus

147 444 203 485 ad
241 443 392 500 templi
422 444 663 485 Andronici
695 444 926 501 Cyrrestae
965 444 1306 485 similitudinem.
1374 459 1502 500 supra
1540 451 1667 501 caput

148 513 270 553 venti
307 513 478 567 virgam
517 518 668 552 tenens
707 511 892 552 eundem
931 526 1024 551 esse
1054 511 1229 552 flantem
1260 512 1462 553 ostendit.
1522 512 1666 553 obser-

150 579 276 620 vabis
317 594 418 634 ergo
448 594 502 619 ne
533 580 684 620 ianuas
715 585 789 619 aut
818 577 1030 619 fenestras
1063 586 1210 620 contra
1238 581 1416 620 nocivos
1448 579 1574 620 flatus
1606 580 1666 620 fa-

148 648 250 688 cias.
309 647 456 687 nocivi
496 647 610 686 enim
648 652 748 687 sunt
786 645 912 687 flatus
945 646 1019 687 ubi
1049 652 1122 686 aut
1153 647 1282 687 nimis
1314 647 1565 688 incumbunt
1595 655 1667 688 aut

147 714 356 754 acerrima
386 713 550 768 frigora
580 713 765 766 faciunt,
796 719 844 754 ut
875 719 916 753 et
947 713 1141 754 homines
1175 720 1216 754 et
1246 713 1448 754 animalia
1479 714 1666 755 laedant.

149 781 374 836 frigorosis
413 796 514 836 ergo
551 780 801 835 regionibus
831 795 855 820 a
886 779 1069 821 meridie
1105 787 1180 822 aut
1217 781 1272 822 ab
1304 796 1458 822 occasu
1488 782 1667 823 hiberno

149 850 297 890 ianuas
330 855 371 889 et
401 848 614 889 fenestras
647 848 802 900 facies,
834 849 1046 889 aestuosis
1082 863 1181 889 vero
1211 863 1236 888 a
1266 848 1394 889 borea
1428 856 1468 889 et
1500 856 1667 905 septen-

148 917 288 957 trione
320 916 414 957 fieri
443 915 678 957 ordinabis.

263 982 480 1035 Quoniam
517 983 666 1024 usibus
705 983 893 1024 omnium
924 984 1111 1023 maxime
1141 983 1409 1023 necessariae
1438 998 1575 1039 aquae
1606 985 1667 1024 vi-

150 1051 320 1105 dentur,
337 1052 474 1107 primo
498 1065 606 1106 quae
635 1064 794 1105 genera
815 1057 955 1090 terrae
977 1058 1127 1091 tenues
1149 1057 1221 1091 aut
1241 1050 1512 1092 abundantes
1537 1066 1667 1092 venas

150 1119 370 1171 emittant,
411 1119 566 1174 quibus
611 1118 739 1158 etiam
778 1118 914 1171 signis
952 1117 1080 1159 altius
1113 1117 1344 1173 depressae
1375 1119 1667 1171 inveniantur,

150 1184 362 1241 quomodo
394 1200 450 1225 ex
480 1183 674 1226 fontibus
709 1184 778 1224 vel
809 1185 952 1240 puteis
984 1184 1214 1237 ducantur,
1248 1199 1357 1240 quae
1387 1187 1565 1226 nocivos
1596 1193 1668 1227 aut

152 1252 344 1294 salubres
376 1252 565 1293 habeant
596 1251 799 1307 liquores,
832 1253 1024 1293 studiose
1049 1253 1158 1293 scire
1179 1258 1361 1308 oportet.
1411 1268 1547 1309 aquae
1569 1268 1670 1308 ergo

150 1320 354 1362 fontanae
384 1326 458 1360 aut
489 1327 641 1375 sponte
672 1319 890 1375 profluunt
919 1326 992 1360 aut
1023 1334 1150 1376 saepe
1182 1320 1235 1360 de
1266 1321 1406 1375 puteis
1435 1320 1669 1361 abundant.

151 1387 307 1444 quibus
354 1386 462 1428 tales
502 1387 649 1443 copiae
687 1401 774 1427 non
813 1394 957 1440 erunt,
1006 1388 1140 1442 signis
1179 1386 1293 1427 infra
1332 1388 1504 1443 scriptis
1543 1402 1668 1443 quac—

150 1456 284 1496 renda
325 1461 425 1496 sunt
465 1454 544 1495 sub
583 1461 698 1495 terra
737 1454 878 1509 capita
917 1468 1126 1509 aquarum
1164 1460 1205 1494 et
1244 1455 1439 1509 proxima
1478 1455 1670 1495 fontibus

149 1521 303 1564 altiora
340 1522 483 1578 puteis
524 1520 780 1576 colligenda.
840 1527 940 1561 ante
981 1520 1082 1563 solis
1120 1522 1266 1576 itaque
1307 1529 1445 1563 ortum
1485 1522 1529 1562 in
1565 1521 1670 1563 locis

151 1589 308 1645 quibus
354 1603 466 1644 aqua
511 1589 730 1644 quaeritur
772 1587 1011 1644 aequaliter
1051 1589 1096 1629 111
1133 1595 1247 1629 terra
1287 1588 1591 1643 procumbatur
1631 1596 1671 1630 ct

150 1664 294 1698 mento
326 1656 522 1712 deposito
553 1671 630 1713 per
660 1671 709 1696 ea
739 1656 1041 1712 prospiciatur.
1093 1671 1195 1697 mox
1226 1655 1396 1697 videbis
1428 1657 1471 1697 111
1495 1657 1670 1712 quibus-

152 1738 334 1780 cumque
372 1723 478 1764 locis
516 1738 627 1779 aqua
666 1722 796 1763 lateat
833 1738 1002 1764 umores
1034 1724 1079 1763 in
1109 1738 1209 1764 aera
1240 1738 1368 1779 supra
1398 1729 1557 1764 terram
1589 1725 1668 1764 cri-

151 1798 325 1848 spantes
358 1797 399 1831 et
429 1790 475 1830 in
504 1789 680 1831 modum
710 1791 851 1832 tenuis
883 1789 1068 1831 nebulae
1098 1805 1237 1832 rorem
1259 1797 1522 1846 spargentes,
1556 1790 1670 1846 quod

151 1861 197 1900 in
227 1859 354 1900 siccis
394 1865 434 1899 et
465 1858 599 1899 aridis
641 1857 746 1899 locis
777 1858 871 1899 fieri
899 1872 986 1899 non
1015 1864 1172 1914 potest.
1233 1858 1538 1913 quaerentibus
1570 1872 1670 1913 ergo

151 1941 305 1983 aquam
356 1924 590 1980 diligenter
640 1926 723 1966 erit
774 1925 1134 1967 considerandum
1185 1925 1331 1981 quales
1381 1933 1520 1966 terrae
1570 1926 1669 1966 sint.

153 2001 269 2035 certa
309 1994 422 2033 0111111
460 2007 620 2047 genera
659 2000 758 2034 sunt
795 1994 840 2034 in
872 1993 1028 2050 quibus
1066 1999 1139 2034 aut
1169 1992 1394 2034 abundans
1425 2000 1499 2033 aut
1528 1993 1670 2034 tenuis

152 2076 263 2117 aqua
300 2066 516 2101 nascatur.
576 2061 621 2101 in
652 2068 769 2101 creta
807 2062 949 2103 tenuis
987 2068 1026 2102 et
1059 2060 1184 2102 exilis
1216 2076 1293 2101 1100
1325 2061 1475 2115 optimi
1507 2060 1671 2116 saporis

154 2129 387 2180 invenitur,
419 2129 465 2168 in
486 2127 692 2169 sabulone
715 2128 853 2169 soluto
880 2129 1038 2181 tenuis,
1070 2127 1222 2170 limosa
1254 2135 1294 2168 et
1324 2128 1517 2169 insuavis
1548 2126 1670 2168 altio-

153 2196 273 2237 ribus
305 2195 411 2236 locis
442 2208 596 2236 mersa..
636 2196 680 2235 in
702 2201 817 2235 terra
848 2196 972 2250 nigra
994 2194 1202 2236 stillarum
1225 2209 1393 2235 umores
1425 2193 1559 2235 exiles
1583 2208 1669 2233 ma-

154 2264 221 2319 gis
253 2278 308 2303 ex
338 2262 532 2303 hibernis
572 2261 810 2317 liquoribus
851 2261 1019 2303 collecti
1057 2264 1224 2318 saporis
1263 2263 1415 2318 optimi
1447 2262 1597 2317 spissis
1630 2267 1670 2300 et

155 2330 306 2372 solidis
339 2328 444 2370 locis
477 2328 766 2370 subsidentes.
818 2328 989 2383 glareae
1019 2343 1121 2370 vero
1151 2329 1390 2370 mediocres
1413 2336 1453 2368 et
1484 2329 1668 2368 incertas

247 2447 264 2476 1
291 2443 481 2476 duodecim
499 2454 553 2485 vy:
582 2445 650 2476 XII
667 2455 721 2485 ,μ
750 2441 764 2485 Η
797 2445 816 2476 3
842 2443 970 2484 templi
995 2467 1002 2474 .
1023 2467 1056 2477 ..
1083 2443 1354 2475 similitudinem
1384 2443 1470 2473 l’ol.:
1498 2441 1668 2481 templum

158 2526 166 2534 .
187 2527 193 2533 .
214 2528 222 2535 .
248 2499 447 2532 similitudo
472 2510 546 2541 vpy.
579 2498 594 2541 Η
631 2500 817 2541 androgei.
834 2500 1045 2540 cyrenensis
1070 2510 1144 2541 vpy.
1177 2497 1192 2541 Η
1231 2501 1249 2530 G
1276 2499 1367 2530 enim
1395 2502 1475 2529 sunt
1499 2508 1561 2537 psl:
1588 2500 1671 2527 sunt.

162 2558 254 2588 enim
279 2568 308 2588 v.
332 2553 347 2599 Η
371 2558 390 2587 9
415 2556 612 2587 aestuosis:
638 2556 686 2586 sie
710 2567 785 2596 vpy.
819 2553 833 2596 Η
868 2557 905 2585 11
933 2555 1101 2596 qnoniam
1128 2553 1227 2596 (1111111
1252 2567 1278 2587 zv,
1307 2555 1383 2593 Quo
1407 2554 1460 2594 51‘2:
1488 2553 1566 2592 Quo
1592 2553 1670 2593 (pro

158 2612 251 2655 Quo)
276 2624 310 2654 p.
335 2610 350 2654 Η
376 2613 414 2643 14
440 2611 601 2643 fontibus
618 2611 676 2644 vel
701 2612 820 2653 puteis
836 2622 892 2652 vp:
919 2611 1038 2652 puteis
1056 2610 1113 2643 vel
1139 2611 1299 2642 fontibus
1315 2622 1347 2651 (J.
1371 2608 1384 2651 Η
1411 2610 1448 2639 115
1475 2608 1668 2649 profluunt:

156 2671 205 2701 sic
228 2680 303 2711 vpgl.
341 2666 359 2711 Η
396 2669 435 2699 17
471 2667 600 2709 quibus
632 2667 727 2698 tales
758 2678 836 2709 esso:
881 2667 980 2697 euius
1012 2667 1107 2698 tales
1134 2678 1166 2707 51,
1200 2669 1300 2698 cuins
1327 2666 1356 2695 si
1383 2664 1476 2695 tales
1502 2675 1542 2703 ¹·st
1570 2663 1669 2701 milis

157 2726 219 2767 vc).
251 2723 265 2768 Η
301 2725 427 2766 copiae
451 2734 488 2764 9:
517 2723 623 2764 copia
639 2735 691 2764 vl).
725 2721 738 2765 Η
773 2720 811 2753 ef·
833 2734 867 2763 p.
891 2720 905 2763 Η
930 2723 1152 2762 quaerenda:
1178 2725 1226 2753 sie
1251 2733 1323 2762 ψῃ.
1347 2718 1361 2761 Η
1389 2722 1432 2750 :w
1457 2719 1584 2759 quibus
1611 2730 1668 2759 vp:

159 2783 195 2813 111
221 2781 350 2823 quibus·
373 2791 404 2822 {J-
428 2778 442 2821 Η
463 2781 505 2810 22
530 2779 645 2810 lateat
669 2790 707 2819 y:
740 2779 881 2810 latebat
906 2789 959 2819 vp.
988 2775 1004 2821 Η
1033 2789 1096 2821 «gra
1120 2791 1137 2809 υ
1163 2777 1266 2817 (acra
1291 2777 1356 2817 1·<'):
1385 2786 1468 2806 acre
1493 2787 1548 2815 wl-
1581 2773 1596 2816 Η
1627 2775 1668 2805 27

159 2840 189 2870 δι
215 2848 252 2879 9:
286 2836 333 2869 s&
357 2848 390 2878 p,
417 2835 512 2867 sed&
535 2847 564 2869 v.
588 2833 603 2878 Η
625 2838 667 2867 28
693 2835 867 2866 sabulone
894 2832 958 2875 (sic
975 2845 1052 2866 moa:
1068 2846 1096 2866 v.
1118 2833 1282 2875 lp..s·q.):
1309 2832 1458 2863 sablone
1475 2842 1548 2872 ψῃ.
1582 2828 1596 2873 Η
1627 2832 1666 2862 31

160 2892 391 2926 subsidentes
418 2904 451 2923 v:
477 2892 718 2923 subsistens-s-
741 2902 796 2933 115).

205 2959 356 2982 vrrnuv.
381 2959 426 2979 Dr:
453 2958 602 2980 Altcnrr.
1356 2943 1403 2982 19

1714 993 1761 1018 111.
1782 994 1819 1018 De

1707 1036 1796 1060 aquae
1813 1028 1850 1052 iu

1706 1066 1847 1086 venlmne.

1697 1118 1766 1141 Yilr.
1787 1120 1811 1147 S,
1835 1120 1846 1142 1

1689 1151 1766 1182 (ΙάΙΙ.
1781 1155 1806 1179 a,
1822 1154 1858 1183 s».
