1909 3322
213 584 232 615 5

195 923 234 954 10

198 1262 237 1293 15

199 1532 245 1563 IV

198 1603 239 1632 ‘20

204 1941 246 1971 ⁶25

255 190 337 231 218
905 192 1114 223 virnuvn

257 303 383 344 sicuti
423 300 597 342 deorum
637 298 700 339 sic
738 295 870 338 Ennii
913 301 1065 352 poetae
1103 292 1391 336 simulacrum.
1459 291 1584 332 Accii
1630 295 1775 331 autem

257 368 518 412 carminibus
552 367 622 422 qui
655 365 847 407 studiose
879 363 1147 405 delectantur
1173 376 1258 402 non
1289 359 1415 401 modo
1437 357 1667 400 verborum
1688 358 1774 398 vir-

257 444 370 480 tutes
410 435 486 478 sed
525 435 654 475 etiam
690 433 873 488 figuram
912 432 1002 472 eius
1034 429 1239 470 videntur
1277 442 1422 468 secum
1457 425 1617 469 habere
1654 439 1775 481 prae-

258 511 436 547 sentem.
496 504 599 544 item
630 501 775 558 plures
805 506 903 557 post
933 505 1125 540 nostram
1146 496 1396 537 memoriam
1426 499 1650 535 nascentes
1683 507 1778 534 eum

257 572 460 615 Lucretio
491 570 758 612 videbuntur
786 567 906 610 velut
938 581 1081 608 coram
1112 565 1165 605 de
1195 579 1339 605 rerum
1360 568 1514 603 natura
1540 561 1776 617 disputare,

259 641 312 682 de
343 646 435 682 arte
465 653 568 680 vero
599 638 814 680 rhetorica
844 650 939 676 cum
969 634 1198 685 Cicerone,
1230 630 1354 673 multi
1384 636 1652 687 posterorum
1683 643 1779 669 cum

258 710 452 751 Varrone
497 706 718 748 conferent
758 717 997 746 sermonem
1040 701 1093 742 de
1138 699 1286 754 lingua
1316 698 1469 750 latina,
1516 712 1600 738 non
1637 696 1778 737 minus

260 778 390 819 etiam
433 774 577 831 plures
623 771 832 830 philologi
884 785 980 811 cum
1026 760 1289 811 Graecorum
1332 765 1600 822 sapientibus
1645 762 1780 805 multa

261 843 548 886 deliberantes
588 846 775 883 secretos
814 854 910 880 cum
947 837 1014 879 his
1053 835 1318 877 videbuntur
1356 832 1516 875 habere
1547 845 1778 884 sermones,

261 919 302 954 et
338 911 393 953 ad
432 924 641 953 summam
672 907 931 964 sapientium
963 905 1221 961 scriptorum
1253 902 1491 944 sententiae
1530 898 1780 956 corporibus

262 979 516 1021 absentibus
555 982 772 1018 Vetustate
810 975 1009 1016 florentes
1050 988 1145 1014 eum
1186 972 1333 1012 insunt
1370 970 1483 1010 inter
1520 966 1700 1009 consilia
1740 971 1781 1007 et

261 1047 589 1105 disputationeS,
621 1045 803 1086 maiores
835 1041 996 1083 habent
1027 1055 1155 1097 quam
1185 1038 1477 1096 praesentium
1510 1042 1608 1077 sunt
1638 1040 1780 1076 aucto-

261 1116 411 1156 ritates
445 1127 605 1156 omnes.
663 1113 823 1167 itaque,
857 1109 1030 1162 Caesar,
1057 1109 1125 1150 his
1145 1105 1392 1149 auctoribus
1425 1104 1559 1145 fretus
1583 1101 1780 1145 sensibus

263 1198 407 1225 corum
438 1180 647 1222 adhibitis
681 1186 721 1220 et
753 1177 943 1220 consiliis
977 1192 1025 1217 ea
1056 1175 1277 1218 volumina
1307 1173 1564 1228 conscripsi,
1598 1176 1639 1211 et
1670 1170 1780 1226 prio-

262 1251 382 1292 ribus
416 1256 579 1306 septem
612 1248 665 1288 de
695 1245 919 1299 aedificiis,
953 1251 1106 1287 octavo
1138 1243 1191 1284 de
1222 1242 1366 1298 aquis,
1408 1241 1455 1281 in
1483 1239 1565 1280 hoc
1595 1238 1648 1279 de
1679 1252 1782 1293 gno-

263 1319 441 1361 monicis
480 1315 721 1358 rationibus
761 1311 1121 1370 quemadmodum
1152 1311 1206 1351 de
1242 1309 1377 1351 radiis
1410 1307 1511 1349 solis
1549 1307 1594 1348 in
1624 1305 1783 1347 mundo

265 1392 364 1428 sunt
408 1399 485 1442 per
523 1383 699 1425 umbras
745 1381 970 1437 gnomonis
1008 1380 1212 1420 inventae
1258 1376 1500 1433 quibusque
1546 1373 1783 1416 rationibus

265 1454 501 1495 dilatentur
530 1457 604 1492 aut
635 1449 944 1491 contrahantur
975 1446 1216 1503 explicabo.

1805 500 1844 531 17

1808 1110 1849 1142 18

379 1521 443 1561 Ea
472 1525 616 1561 autem
654 1524 751 1559 sunt
790 1517 941 1558 divina
970 1520 1113 1555 mente
1144 1517 1389 1569 comparata
1429 1510 1674 1565 habentque
1704 1508 1777 1549 ad·
1807 1513 1852 1556 (I)

266 1590 536 1630 mirationem
564 1600 765 1641 magnam
794 1582 1193 1634 considerantibus,
1235 1579 1348 1636 quod
1377 1579 1529 1620 umbra
1559 1576 1784 1632 gnomonis

266 1654 592 1713 aequinoctialis
624 1653 709 1695 alia
741 1650 1037 1707 magnitudine
1068 1656 1132 1691 est
1161 1648 1345 1690 Athenis
1377 1646 1462 1687 alia
1492 1643 1786 1686 Alexandriae

269 1724 353 1765 alia
384 1724 545 1765 Romae
575 1737 660 1763 non
692 1720 843 1761 eadem
873 1718 1119 1760 Placentiae
1151 1716 1392 1770 ceterisque
1422 1713 1537 1755 orbis
1575 1718 1786 1754 terrarum

267 1792 387 1833 locis.
447 1792 592 1846 itaque
623 1789 749 1843 longe
780 1787 904 1829 aliter
935 1787 1098 1827 distant
1128 1784 1437 1839 descriptiones
1469 1779 1787 1835 horologiorum

269 1860 459 1901 locorum
480 1856 806 1899 mutationibus.
864 1854 1113 1895 umbrarum
1135 1854 1248 1894 enim
1270 1847 1648 1907 aequinoctialium
1669 1861 1786 1901 mag-

272 1926 545 1969 nitudinibus
586 1924 870 1978 designantur
915 1921 1297 1963 analemmatorum
1343 1918 1526 1970 formae,
1574 1931 1595 1956 e
1634 1915 1787 1972 quibus

269 1995 549 2052 perficiuntur
571 1992 627 2033 ad
656 1992 867 2032 rationem
897 1989 1086 2031 locorum
1109 1995 1149 2029 et
1178 1987 1356 2028 umbrae
1376 1999 1635 2040 gnomonum
1665 1983 1788 2024 hora-

271 2077 365 2105 rum
397 2060 721 2116 descriptiones.
783 2060 1018 2111 α’ναλημμα
1048 2062 1112 2097 est
1142 2055 1251 2096 ratio
1274 2053 1517 2109 conquisita
1538 2050 1639 2092 solis
1663 2064 1789 2091 cursu

274 2136 315 2172 et
351 2129 529 2170 umbrae
567 2126 797 2168 crescentis
837 2124 892 2166 ad
937 2125 1133 2165 brumam
1182 2122 1482 2163 observatione
1527 2120 1725 2171 inventa,
1768 2131 1789 2157 e

274 2213 357 2253 qua
395 2211 472 2253 per
501 2196 686 2236 rationes
719 2193 1076 2234 architectonicas
1110 2190 1344 2246 circinique
1376 2186 1686 2242 descriptiones
1726 2190 1791 2225 est

275 2337 367 2368 dom:
397 2334 587 2366 dedicatas
612 2333 725 2364 EGH.
756 2329 770 2374 Η
803 2332 819 2362 1
848 2331 931 2362 enni
956 2330 1003 2362 H.
1032 2327 1046 2371 Η
1079 2329 1159 2360 acci
1183 2333 1260 2360 aule
1285 2337 1375 2359 corr.
1402 2326 1445 2360 Ε.
1475 2322 1490 2365 Η
1517 2327 1536 2357 3
1562 2324 1791 2366 praesentem

278 2402 370 2424 osse.
407 2392 498 2422 Item
524 2390 627 2422 EGH
652 2387 746 2428 (esse
772 2389 835 2420 del.
863 2385 965 2427 -loe.).
998 2383 1012 2428 Η
1054 2386 1091 2417 15
1125 2387 1281 2426 septem:
1313 2383 1382 2414 VII
1409 2381 1481 2413 EG.
1515 2378 1529 2422 Η
1567 2378 1791 2421 gnomonicis

281 2449 344 2479 (ill
373 2446 475 2486 (Lle),
503 2445 679 2487 gnomicis
707 2444 747 2475 E.
776 2442 791 2486 Η
824 2445 862 2475 17
889 2441 1077 2484 gnomonis
1103 2441 1204 2472 EGH
1223 2438 1279 2480 (L,
1298 2438 1478 2479 gnominis
1495 2436 1550 2477 Ic).
1583 2433 1596 2478 Η
1630 2436 1670 2466 19
1698 2445 1791 2465 com-

278 2504 407 2546 parata
444 2507 520 2534 (mee
556 2511 626 2532 ras.
670 2501 705 2532 G.
740 2497 755 2542 Η
794 2502 836 2531 ‘20
874 2498 1053 2541 gnominis
1089 2498 1128 2529 lc.
1168 2494 1182 2538 Η
1219 2497 1260 2526 23
1300 2494 1569 2534 descriptiones
1607 2491 1685 2524 EG:
1732 2490 1793 2521 de·

278 2558 416 2601 scrip(b
435 2558 598 2600 H)tionis
623 2558 659 2589 Il
686 2555 790 2598 (Lze).
820 2553 834 2597 Η
862 2557 904 2587 25
930 2555 961 2585 si
985 2558 1061 2585 {mle
1086 2552 1326 2592 designantur
1351 2550 1560 2581 inserendmlz
1583 2558 1689 2589 supra
1713 2547 1792 2578 add.

283 2617 335 2653 GC,
362 2617 439 2657 quia
462 2616 496 2646 in
522 2616 557 2646 ll
583 2614 631 2655 (et
655 2617 732 2644 ante
758 2622 846 2643 corr.
872 2612 904 2642 in
930 2610 960 2650 e)
994 2620 1113 2641 errore
1136 2609 1296 2649 scriplum
1322 2611 1371 2637 est
1401 2607 1449 2637 sz'c
1475 2604 1793 2645 desidesignantur

282 2673 361 2712 (non
385 2673 418 2703 in
444 2670 512 2711 LI).
544 2668 561 2713 Η
591 2669 927 2701 analemmatorum:
954 2669 1003 2698 sic
1027 2665 1139 2697 EGH.
1172 2662 1186 2707 Η
1220 2663 1383 2704 equibus:
1410 2662 1458 2693 sic
1483 2661 1594 2693 EGH.
1628 2657 1642 2701 Η
1674 2660 1716 2690 26
1741 2658 1793 2690 lo-

283 2739 402 2759 corum
417 2728 469 2759 720:
488 2725 638 2768 longo(a
653 2725 777 2765 E)rum
792 2721 1028 2763 EGJJ(Leelz).
1050 2719 1064 2764 Η
1080 2720 1259 2762 gnomonsl
1276 2718 1355 2749 EG:
1374 2717 1569 2759 gnomonisi
1586 2716 1620 2746 H
1634 2712 1793 2755 (-—nium

284 2784 371 2823 lile).
402 2781 416 2825 Η
446 2784 486 2814 27
514 2792 716 2814 ΛΝΛΛΗΜΜΛ
749 2778 827 2821 (sic)
862 2779 942 2814 GH,
976 2787 1154 2809 ΛΝΑΗΜΜΛ
1188 2776 1220 2807 Ε
1252 2776 1473 2815 (ANaAHMMa
1504 2773 1552 2812 L,
1587 2781 1794 2803 aNaAHMMa

284 2841 334 2881 cle,
361 2850 455 2870 -ΜΑ
482 2841 516 2876 Ι).
550 2837 563 2879 Η
596 2840 638 2870 28
665 2837 709 2869 ad
733 2838 895 2868 brumam
921 2846 997 2875 egyo:
1027 2834 1197 2865 abrumae
1224 2833 1259 2863 Il
1286 2831 1327 2871 (e,
1353 2840 1453 2871 —me
1479 2828 1548 2869 LI),
1576 2829 1723 2860 abrume
1750 2827 1790 2862 E,

286 2897 436 2937 ,abruinq
464 2897 490 2925 (ι’
517 2894 604 2936 (sie).
