1899 3322
71 873 110 904 10

71 1619 110 1649 11

428 232 443 238 -
559 226 620 254 DE
651 224 1005 255 ARcfflTEcTrRA
1038 226 1127 255 LIB.
1160 226 1226 255 111.
1601 215 1652 255 73

132 328 410 384 asperitatem
441 325 865 368 intercolumniorum
894 325 1051 367 habeat
1081 328 1401 379 auctoritatem,
1434 334 1654 383 praeterea

135 396 170 435 si
203 409 256 436 ex
278 394 489 435 imbribus
512 408 647 451 aquae
670 394 735 434 vis
757 394 1034 448 occupaverit
1057 400 1097 434 et
1126 394 1413 435 intercluserit
1435 394 1653 436 hominum

135 461 480 515 multitudinem,
519 468 566 503 ut
596 461 753 502 habeat
783 461 828 501 in
858 460 965 501 aede
997 461 1194 516 circaque
1226 461 1375 502 cellam
1408 478 1505 504 cum
1535 461 1651 502 laxa-

134 536 277 571 mento
309 529 489 570 liberam
519 544 694 570 moram.
754 528 860 569 haec
890 533 1032 568 autem
1064 529 1124 569 ita-
1156 528 1426 584 explicantur
1455 531 1501 570 in
1531 544 1653 585 pseu-

135 596 373 652 dodipteris
411 596 585 637 aedium
617 596 986 652 dispositionibus.
1047 610 1178 651 quare
1208 596 1380 637 videtur
1408 603 1532 638 acuta
1567 612 1654 637 ma-

135 679 305 720 gnaque
349 663 540 705 sollertia
584 664 758 705 effectus
807 678 982 719 operum
1024 663 1317 718 Hermogenes
1364 664 1519 705 fecisse
1557 664 1653 705 reli-

136 732 364 788 quisseque
394 732 534 774 fontes
571 731 685 772 unde
715 732 875 787 posteri
912 736 1086 786 possent
1125 731 1296 772 haurire
1328 731 1654 787 disciplinarum

134 799 336 841 rationes.

247 866 445 908 Aedibus
497 866 750 922 araeostylis
802 865 1025 907 columnae
1070 867 1133 907 sie
1178 872 1278 907 sunt
1322 866 1547 906 faciendae
1594 867 1656 907 uti

135 934 443 975 crassitudines
476 949 621 975 earum
652 935 737 975 sint
767 935 901 989 partis
933 939 1111 975 octavae
1141 933 1196 974 ad
1227 932 1494 974 altitudines.
1554 934 1656 974 item

134 1003 180 1042 in
211 1001 398 1057 diastylo
437 1001 701 1043 dimetienda
740 1008 804 1042 est
840 1000 1023 1042 altitudo
1061 1000 1283 1042 columnae
1313 1002 1358 1041 in
1388 1008 1530 1057 partes
1563 1007 1657 1042 octo

137 1075 178 1110 et
217 1068 442 1110 dimidiam
474 1076 515 1110 et
545 1071 670 1110 unius
703 1070 836 1124 partis
870 1069 1092 1110 columnae
1124 1069 1363 1110 crassitudo
1396 1068 1655 1110 conlocetur.

135 1137 181 1177 in
218 1135 384 1193 systylo
422 1135 605 1178 altitudo
644 1136 867 1178 dividatur
904 1138 948 1177 in
978 1151 1134 1177 novem
1165 1143 1204 1177 et
1237 1135 1459 1177 dimidiam
1493 1142 1657 1192 partem

137 1210 178 1245 et
223 1219 278 1245 ex
323 1205 383 1245 eis
422 1219 506 1245 una
541 1204 597 1244 ad
637 1204 967 1246 crassitudinem
1005 1203 1227 1245 columnae
1266 1204 1404 1244 detur.
1472 1205 1575 1244 item
1614 1205 1657 1244 in

135 1271 394 1327 pycnostylo
417 1271 655 1312 dividenda
678 1279 743 1314 est
773 1271 957 1313 altitudo
989 1272 1033 1312 in
1065 1272 1213 1312 decem
1245 1278 1286 1312 et
1319 1272 1408 1312 eius
1439 1286 1526 1312 una
1558 1286 1655 1327 pars

137 1338 335 1380 facienda
372 1345 435 1380 est
474 1338 695 1380 columnae
734 1339 989 1380 crassitudo.
1058 1338 1216 1394 eustyli
1255 1346 1398 1380 autem
1435 1339 1554 1379 aedis
1589 1353 1654 1380 co-

137 1405 330 1460 lumnae,
368 1407 433 1447 uti
470 1406 648 1463 systyli,
687 1407 731 1446 in
769 1421 926 1448 novem
964 1413 1106 1463 partes
1145 1405 1329 1448 altitudo
1362 1406 1586 1448 dividatur
1617 1413 1657 1447 et

137 1473 364 1514 dimidiam
400 1480 566 1530 partem
605 1481 646 1515 et
685 1475 773 1515 eius
811 1489 896 1515 una
934 1489 1033 1531 pars
1066 1475 1351 1515 constituatur
1380 1475 1425 1515 in
1456 1475 1656 1515 crassitu-

138 1540 238 1581 dine
274 1542 351 1582 imi
380 1542 513 1598 scapi.
579 1543 640 1583 ita
669 1541 899 1584 habebitur
929 1557 1005 1599 pro
1035 1548 1128 1582 rata
1158 1547 1279 1596 parte
1309 1540 1657 1583 intercolumnio-

136 1623 232 1649 rum
274 1609 396 1650 ratio.
465 1609 825 1665 quemadmodum
871 1611 983 1650 enim
1030 1615 1226 1650 crescunt
1263 1610 1402 1665 spatia
1440 1610 1552 1650 inter
1590 1623 1691 1652 co-⁵

136 1675 325 1731 lumnas,
371 1677 721 1732 proportionibus
766 1677 1047 1731 adaugendae
1084 1683 1184 1718 sunt
1221 1677 1528 1718 crassitudines
1568 1692 1657 1718 sca-

138 1758 302 1800 porum.
383 1759 568 1800 namquc
619 1745 654 1785 si
701 1746 746 1785 in
788 1744 1030 1800 araeostylo
1074 1759 1186 1785 nona
1230 1750 1304 1785 aut
1348 1743 1512 1784 decima
1558 1759 1658 1801 pars

139 1811 418 1852 crassitudini
439 1811 594 1865 fuerit,
626 1812 767 1852 tenuis
800 1818 840 1853 et
872 1811 997 1853 exilis
1029 1812 1276 1868 apparebit,
1310 1812 1405 1853 idco
1438 1812 1551 1867 quod
1582 1827 1659 1869 per

140 1877 412 1919 latitudinem
429 1879 857 1920 intercolumniorum
873 1894 946 1920 aer
964 1880 1178 1920 consumit
1200 1885 1241 1920 et
1262 1880 1464 1920 inminuit
1480 1886 1658 1935 aspectu

139 1960 363 2001 scaporum
396 1947 741 1988 crassitudinem.
809 1953 957 1987 contra
987 1960 1089 1987 vero
1122 1946 1406 2003 pycnostylis,
1440 1948 1475 1988 si
1507 1954 1657 1988 octava
1710 1957 1721 1964 ”

232 2118 246 2148 1
275 2118 529 2159 asperitatem:
567 2118 616 2148 xic
643 2117 708 2148 Gll
734 2116 793 2158 (cf.
824 2117 917 2156 VII,
947 2118 996 2157 5),
1029 2115 1043 2160 ΙΙ
1074 2117 1213 2149 habeat
1247 2118 1288 2148 G:
1327 2117 1433 2148 hab&
1465 2118 1502 2149 H
1527 2117 1559 2158 (l,
1587 2116 1660 2150 hali

139 2174 188 2210 elz,
215 2172 361 2205 haber&
379 2172 437 2215 L).
468 2171 485 2216 Η
516 2176 535 2205 2
562 2184 605 2205 ex
630 2173 807 2205 imbribus
833 2174 928 2205 Mar.
956 2174 1007 2214 (ct
1032 2174 1198 2205 imbrium
1224 2172 1347 2213 Pleil.):
1374 2173 1586 2205 eximbrium
1612 2175 1658 2209 H,

140 2229 318 2261 eximbrifi
347 2230 374 2259 G
405 2227 444 2269 (n
469 2239 532 2270 pro
565 2229 706 2260 u·:b
724 2229 763 2269 ·).
796 2227 810 2271 Η
848 2231 868 2261 4
895 2230 946 2261 ita
976 2230 1051 2262 ἆορ.
1079 2228 1196 2270 (rec.):
1230 2232 1269 2261 ut
1297 2230 1362 2261 GH
1386 2228 1446 2270 (Ie,
1473 2229 1526 2260 uti
1552 2229 1610 2269 L).
1642 2230 1655 2271 tl

139 2287 159 2315 (3
185 2285 416 2325 hermogenis
443 2285 520 2316 GH.
544 2282 559 2327 Η
582 2283 603 2315 9
627 2295 688 2316 are
714 2285 831 2317 ostilis
859 2286 897 2323 G,
923 2286 1152 2326 aureostylos
1177 2290 1254 2317 ante
1280 2296 1370 2317 eor-r.
1390 2286 1436 2322 H,
1465 2285 1658 2326 areostylis

140 2342 195 2372 Hc
220 2341 287 2380 (LI,
315 2340 532 2382 archostylis
563 2341 630 2380 elz).
669 2338 684 2382 ΙΙ
724 2343 764 2372 10
796 2341 1002 2373 altitudinis
1039 2348 1116 2379 ante
1148 2352 1238 2373 corr.
1265 2342 1311 2373 ll.
1344 2339 1358 2383 11
1400 2342 1438 2372 12
1472 2340 1656 2372 dimidiam

140 2398 213 2429 ed.:
239 2397 381 2427 —dium
410 2397 487 2430 GH.
519 2394 534 2439 ΙΙ
574 2398 613 2429 13
639 2396 757 2429 sistilo
787 2398 829 2434 G,
863 2398 992 2439 sistylo
1018 2399 1054 2430 Il
1081 2396 1224 2439 (systilo
1252 2398 1297 2433 L,
1330 2396 1465 2438 systole
1497 2397 1536 2428 elz
1568 2402 1599 2428 et
1625 2398 1657 2428 in

140 2455 251 2494 suppl.
278 2463 381 2493 marg.
409 2451 463 2492 11⁷).
497 2450 511 2494 ΙΙ
545 2453 585 2485 15
611 2453 805 2495 picnostilo
834 2454 874 2491 G,
909 2453 1125 2495 pycnostylo
1152 2454 1189 2485 H
1220 2452 1281 2494 (lc.
1315 2452 1523 2495 pronostylo
1551 2452 1610 2493 L).
1640 2452 1653 2492 ’ἵ

142 2508 178 2539 in
204 2507 346 2541 decem:
378 2509 427 2539 sic
455 2509 519 2540 GH
544 2508 599 2549 (L,
626 2510 742 2541 —cim
767 2509 831 2551 Ic),
869 2510 905 2541 in
931 2514 1055 2551 partes
1081 2510 1204 2542 decem
1229 2511 1302 2541 ἆορ.
1333 2507 1348 2551 Η
1382 2511 1421 2541 16
1448 2509 1582 2540 Eustili
1610 2511 1655 2541 G:

142 2564 286 2605 (Justyli
313 2565 348 2595 ΙΙ
366 2563 419 2604 (le,
447 2564 590 2607 Castyli
609 2565 665 2607 L).
699 2564 713 2608 Η
746 2567 786 2597 17
805 2566 922 2607 systili
945 2567 981 2597 ll
996 2565 1060 2607 (ele,
1087 2566 1208 2607 sistyli
1227 2567 1266 2601 L,
1295 2566 1405 2596 sistili
1423 2565 1506 2603 llis),
1534 2565 1657 2596 sustili

141 2625 220 2652 (mle
244 2631 332 2652 corr.
362 2621 400 2651 G.
438 2617 453 2663 Η
489 2623 612 2662 partes
643 2622 734 2655 doen:
773 2622 938 2663 partibus
967 2623 1041 2654 Gll.
1080 2621 1094 2665 ΙΙ
1134 2624 1175 2654 18
1201 2624 1358 2664 partem:
1391 2622 1440 2652 sie
1473 2621 1538 2651 GH
1575 2622 1656 2660 (del.

142 2675 243 2715 ιΙοε.).
275 2673 290 2718 Η
321 2677 361 2707 21
390 2676 651 2709 crassitudines
685 2678 712 2710 G
737 2676 876 2719 (Istc-lm
909 2677 1047 2710 —-diuis
1078 2680 1116 2710 II
1141 2677 1226 2719 (LI).
1261 2675 1275 2720 Η
1314 2679 1354 2708 22
1388 2677 1656 2717 siinarcmstilo

146 2732 190 2764 G:
216 2733 348 2763 simare
375 2732 493 2773 ostylo
520 2734 556 2764 ll
575 2732 678 2774 (Llc).
703 2731 717 2776 Η
744 2735 786 2765 23
812 2734 1046 2766 crassitudini
1072 2734 1130 2776 (cf.
1155 2746 1188 2776 p.
1210 2736 1260 2770 7-1,
1289 2733 1339 2774 l):
1367 2733 1506 2764 —dinis
1534 2734 1611 2765 (r'll.
1640 2733 1653 2774 I}

144 2788 186 2819 24
211 2791 365 2830 aspectu
383 2798 572 2830 scaporum
599 2787 788 2832 (aspectus
809 2790 968 2832 ca[pori‘1
997 2792 1032 2827 G,
1055 2793 1395 2833 aspcctuscaporum
1416 2788 1468 2830 ll)
1496 2790 1571 2824 Gll,
1597 2792 1659 2822 sed

146 2849 490 2898 aspectus'caporum
515 2857 570 2888 llo
601 2857 637 2897 (i.
663 2867 693 2889 e.
732 2860 899 2898 aspectus
926 2868 1115 2900 scaporum
1141 2858 1230 2896 hle).
1267 2854 1282 2899 ΙΙ
1316 2857 1358 2888 25
1383 2854 1590 2899 pinlostilis
1619 2858 1656 2895 G,

145 2911 362 2953 pignostylis
387 2912 424 2942 ll
449 2911 551 2954 (Lclc,
577 2913 804 2955 pygnostylis
829 2912 865 2954 l).

1686 945 1724 974 10

1685 1282 1723 1312 15
