1909 3322
196 969 211 997 1

205 1983 223 2012 Ν)

228 1983 247 2013 071

212 631 232 661 ι’(

216 968 236 998 Ο

252 244 334 286 208
904 244 1111 275 vrruuvn

254 358 299 397 in
337 352 528 408 singulas
567 349 709 406 pondo
741 359 852 402 MCC,
891 348 927 387 si
958 344 1255 400 octogenariae
1292 341 1434 398 pondo
1466 350 1694 390 DCCCCLX,
1735 338 1771 378 si

256 419 650 479 quinquagenariae
681 416 822 474 pondo
848 426 922 469 DC,
955 411 1321 470 quadragenariae
1352 407 1493 465 pondo
1516 416 1781 458 CCCCLXXX,

255 488 511 531 tricenariae
549 484 693 542 pondo
732 495 897 535 CCCLX,
947 480 1193 522 vicenariae
1232 476 1375 533 pondo
1413 486 1550 529 CCXL,
1597 474 1773 529 quinum

257 557 413 598 denum
443 553 585 612 pondo
617 563 795 604 CLXXX,
828 550 985 591 denum
1014 546 1157 604 pondo
1187 556 1300 597 CXX,
1333 549 1532 585 octonum
1561 540 1704 597 pondo
1733 551 1772 593 C,

258 624 479 681 quinariae
526 619 669 678 pondo
708 631 782 659 LX.
850 632 872 658 0
909 614 1138 656 latitudine
1177 619 1321 653 autem
1365 610 1624 662 lamnarum,
1673 613 1775 663 quot

259 692 420 746 digitos
442 688 686 739 habuerint,
709 692 939 741 antequam
961 684 1005 723 in
1026 680 1374 722 rotundationem
1394 677 1635 729 flectantur,
1657 689 1774 729 mag-

258 759 507 800 nitudinum
528 758 588 797 ita
602 755 776 796 nomina
798 751 1046 807 concipiunt
1067 747 1251 795 fistulave.
1297 759 1482 801 namque
1505 758 1614 800 quae
1634 742 1776 783 lamna

260 827 390 867 fuerit
422 825 659 880 digitorum
691 820 1025 877 quinquaginta,
1066 831 1162 857 cum
1192 813 1335 855 fistula
1366 811 1612 874 perficietur
1643 825 1697 851 ex
1728 823 1777 850 ca

260 894 423 947 lamna,
463 891 691 933 vocabitur
730 885 1098 943 quinquagenaria
1135 882 1418 937 similiterque
1456 879 1660 935 reliquae.
1729 891 1778 917 ea

261 968 405 1003 autem
445 960 590 1001 ductio
631 971 738 1012 quae
776 969 852 1010 per
897 951 1061 993 fistulas
1108 949 1331 1007 plumbeas
1372 955 1435 989 est
1480 949 1626 988 futura
1667 945 1779 986 hanc

262 1029 441 1071 habebit
473 1025 809 1082 expeditionem.
870 1019 984 1077 quod
1015 1020 1052 1060 si
1083 1025 1213 1074 caput
1250 1017 1408 1058 habeat
1439 1015 1695 1056 libramenta
1724 1011 1780 1053 ad

263 1097 453 1148 moenia,
501 1099 754 1147 montesque
799 1088 932 1129 medii
976 1102 1061 1128 non
1106 1085 1268 1126 fuerint
1305 1084 1477 1125 altiores
1524 1088 1571 1123 ut
1614 1081 1781 1138 possint

264 1161 540 1220 interpellare
571 1158 646 1200 sed
676 1155 926 1208 intervalla,
966 1168 1141 1195 necesse
1180 1159 1243 1194 est
1282 1152 1528 1194 substruere
1559 1149 1613 1190 ad
1651 1148 1779 1189 libra-

264 1238 408 1273 menta
438 1226 800 1285 quemadmodum
838 1224 883 1264 in
913 1223 1019 1263 rivis
1053 1228 1093 1263 et
1125 1219 1360 1261 canalibus.
1427 1219 1494 1259 sin
1523 1223 1665 1258 autem
1697 1230 1782 1257 non

266 1299 394 1353 longa
434 1297 514 1337 erit
553 1293 815 1345 circumitio,
856 1288 1321 1341 circumductionibus,
1361 1287 1429 1327 sin
1466 1292 1609 1326 autem
1648 1282 1781 1324 valles

267 1372 390 1408 erunt
429 1370 681 1421 perpetuae,
722 1362 766 1401 111
806 1357 1020 1399 declinato
1058 1356 1149 1397 loco
1189 1370 1337 1396 cursus
1370 1353 1626 1408 dirigentur.
1687 1366 1783 1392 eum

267 1434 434 1475 venerit
465 1431 521 1473 ad
552 1431 708 1482 imum,
748 1443 834 1469 non
864 1425 950 1467 alte
981 1425 1269 1476 substruitur,
1309 1429 1356 1463 ut
1386 1422 1443 1462 sit
1479 1420 1782 1462 libramentum

268 1516 394 1558 quam
424 1498 738 1553 longissimum.
798 1495 878 1536 1100
909 1500 1051 1534 autem
1084 1493 1164 1533 erit
1195 1497 1347 1531 venter
1378 1489 1492 1545 quod
1524 1487 1681 1529 Graeci
1710 1501 1783 1542 ap-

268 1569 429 1627 pellant
468 1568 657 1609 κοιλιαν.
725 1562 882 1603 deinde
922 1576 1020 1601 cum
1059 1559 1227 1600 venerit
1263 1557 1472 1598 adversus
1511 1555 1690 1607 clivum,
1732 1568 1786 1594 eX

269 1638 397 1691 longo
429 1635 568 1691 spatio
600 1631 765 1673 ventris
804 1629 960 1670 leniter
997 1627 1196 1669 tumescit
1234 1632 1282 1666 ut
1320 1625 1586 1681 exprimatur
1616 1623 1661 1663 in
1690 1621 1784 1662 alti-

269 1705 464 1746 tudinem
487 1700 642 1742 summi
673 1698 791 1739 clivi.
853 1696 967 1753 quod
999 1697 1036 1737 si
1067 1710 1152 1736 non
1177 1699 1328 1734 venter
1359 1693 1403 1733 in
1435 1690 1620 1732 vallibus
1645 1689 1785 1730 factus

270 1772 400 1813 fuerit
430 1784 507 1811 nec
540 1767 832 1808 substructum
863 1764 916 1804 ad
949 1762 1104 1804 libram
1135 1762 1297 1803 factum
1329 1760 1405 1802 sed
1435 1757 1658 1814 geniculus
1691 1757 1786 1810 erit,

271 1844 467 1895 erumpet
490 1843 530 1877 et
562 1833 772 1876 dissolvet
793 1831 1031 1873 fistularum
1056 1831 1372 1872 commissuras.
1424 1828 1551 1868 etiam
1573 1827 1618 1866 111
1638 1831 1788 1866 ventre

272 1905 511 1948 colliviaria
542 1909 640 1943 sunt
671 1900 884 1953 facienda,
916 1914 992 1956 per
1014 1913 1121 1955 quae
1143 1898 1209 1938 vis
1233 1897 1408 1953 spiritus
1439 1894 1670 1935 relaxetur.
1729 1893 1789 1932 ita

273 1989 348 2031 per
378 1971 543 2014 fistulas
574 1969 798 2026 plumbeas
829 1982 983 2023 aquam
1016 1967 1089 2022 qui
1120 1965 1296 2018 ducent,
1328 1964 1395 2004 his
1427 1961 1667 2003 rationibus
1699 1959 1788 2001 bel-

273 2042 437 2082 lissime
469 2043 670 2095 poterunt
701 2035 892 2088 efficere,
936 2033 1048 2090 quod
1081 2040 1123 2074 et
1153 2033 1357 2073 decursus
1390 2037 1431 2072 et
1462 2027 1788 2070 circumductio-

368 2249 382 2278 1
410 2244 529 2288 pondo
555 2250 626 2273 <noc
654 2241 688 2271 H
715 2240 768 2280 (L,
796 2239 912 2281 pondo
939 2248 1025 2270 ccco
1051 2237 1112 2279 lc):
1139 2236 1256 2279 pondo
1282 2247 1348 2269 ‚ceu
1377 2237 1403 2267 G
1422 2232 1497 2275 (sed
1515 2234 1559 2266 Ge
1581 2243 1687 2274 supra
1711 2233 1792 2265 add.

278 2303 335 2345 iffi).
368 2300 382 2346 Η
414 2304 433 2333 3
461 2300 607 2342 quinum
640 2297 787 2328 denum:
826 2298 874 2327 sic
901 2295 977 2327 GH.
1009 2292 1024 2335 Η
1060 2295 1081 2324 4
1113 2304 1181 2325 cxx
1217 2294 1260 2325 G:
1306 2302 1397 2323 ccxx
1428 2291 1466 2322 Il
1498 2289 1602 2331 (Lle).
1640 2286 1655 2331 Η
1692 2291 1790 2320 octo-

277 2369 359 2391 num
386 2357 504 2401 pondo
530 2367 565 2388 e:
592 2355 640 2386 sic
667 2353 735 2385 GH
759 2351 860 2392 (Plin.
895 2354 951 2390 31,
984 2352 1038 2382 58.
1070 2360 1155 2381 XCVI
1189 2350 1340 2380 emenus
1369 2348 1440 2378 ἆορ.
1473 2357 1542 2378 cum
1574 2346 1729 2376 Palladio
1761 2346 1790 2381 9,

280 2414 350 2456 12).
383 2412 398 2456 Η
430 2416 449 2446 5
476 2410 708 2444 elatitudine:
735 2410 784 2440 sic
804 2408 878 2440 GH.
901 2405 916 2449 Η
938 2407 1139 2438 lamnarum
1158 2406 1194 2436 Il
1220 2404 1287 2444 (LI,
1312 2403 1528 2434 laminarum
1546 2413 1573 2438 c,
1597 2402 1660 2432 sed
1682 2407 1717 2432 cc
1741 2399 1791 2431 la-

279 2468 704 2513 liiiiiartimzlama1·11n1
723 2465 754 2505 Ιι,
772 2464 827 2495 ubi
841 2474 958 2495 rursus
975 2463 1190 2494 laminarum
1208 2459 1278 2500 ch):
1304 2460 1483 2491 lammari]
1504 2458 1542 2491 G.
1564 2455 1579 2498 Η
1608 2458 1626 2487 6
1652 2456 1791 2497 magni-

279 2550 439 2582 tudinem
465 2553 542 2580 [mle
567 2556 657 2578 corr.
685 2535 803 2585 (-11ξ>
832 2543 858 2573 G
884 2540 931 2582 (el
955 2543 986 2573 L
1010 2534 1162 2583 —11{m).
1195 2536 1210 2580 Η
1242 2540 1259 2570 7
1287 2537 1388 2578 (item
1414 2536 1448 2577 9)
1475 2536 1597 2568 lamna
1620 2535 1657 2565 H
1683 2532 1793 2574 (Lle):

280 2605 415 2637 lamina
435 2605 472 2637 G.
488 2601 505 2646 Η
521 2604 541 2634 8
560 2599 828 2642 quinquaginta
845 2599 879 2629 ll
893 2596 1005 2639 (Ηώς
1023 2598 1051 2628 L
1070 2597 1106 2630 G.
1126 2593 1140 2638 Η
1157 2594 1278 2626 fistula
1293 2595 1329 2624 H
1348 2592 1401 2634 (le,
1415 2587 1574 2637 fistulam
1588 2591 1652 2631 L):
1672 2589 1792 2630 fistule

285 2664 321 2692 (ι’.
346 2660 359 2703 Η
383 2663 403 2693 9
422 2660 585 2700 reliquae
605 2658 675 2689 ed.:
702 2654 843 2696 reliqua
872 2655 948 2687 GII.
970 2652 986 2696 Η
1010 2655 1050 2686 13
1076 2652 1156 2684 Sed:
1181 2652 1230 2682 sic·
1250 2651 1316 2682 GH
1334 2648 1393 2690 (sc.
1413 2648 1558 2680 fuerint.
1589 2647 1794 2686 iulerpzmyit

282 2723 358 2758 post
376 2717 471 2748 inter
489 2714 586 2747 valla
614 2710 686 2753 GC).
718 2708 733 2752 Η
767 2712 807 2741 14
832 2711 888 2741 sin
913 2712 1035 2741 autem
1052 2725 1096 2730 —-
1116 2708 1334 2748 dirigentur:
1360 2708 1408 2736 sie
1436 2705 1511 2738 GH.
1540 2701 1556 2746 Η
1587 2704 1626 2733 17
1652 2700 1795 2733 venerit

285 2774 417 2805 Maeh.:
436 2771 605 2804 venerint
625 2768 701 2800 GH.
718 2765 733 2808 Η
754 2766 1008 2797 libramentum
1025 2766 1115 2796 doc-,t
1135 2763 1271 2795 librati]
1289 2762 1363 2793 GH.
1379 2758 1397 2803 Η
1421 2762 1459 2792 19
1474 2758 1616 2791 coelian
1639 2758 1671 2788 Il
1690 2756 1794 2797 (Δίς),

286 2829 406 2871 celian
425 2829 463 2860 G.
488 2826 503 2870 Η
523 2828 565 2858 20
591 2823 762 2857 tumescit
787 2823 1009 2863 exprimatur
1028 2821 1096 2853 GH
1118 2819 1172 2858 (ut
1195 2819 1324 2858 addidi,
1351 2819 1386 2848 et
1405 2812 1755 2857 exprimiturSclcn.).
1778 2811 1791 2852 l

286 2887 323 2915 ‘21
355 2885 448 2916 clevi
476 2884 541 2915 GIl
567 2881 693 2923 (Llele),
721 2879 806 2911 clivi
834 2878 876 2909 Gc
903 2876 993 2919 (Le).
1017 2874 1031 2918 Η
1053 2878 1094 2908 23
1120 2875 1374 2907 commissuras
1391 2883 1424 2904 c:
1453 2871 1710 2903 commixturas
1731 2867 1796 2900 GH

289 2939 392 2982 (Lm).
424 2937 439 2981 Η
470 2940 513 2970 24
539 2936 758 2970 colliviaria:
785 2936 833 2966 sic·
861 2934 926 2965 Gll
952 2931 1183 2973 (colluviaria
1207 2929 1288 2971 ed).

1803 885 1822 916 ιἿ
