1899 3322
82 1149 121 1178 13

79 1623 119 1653 14

578 230 640 260 DE
670 230 1025 263 ARCHITECTURA
1057 235 1147 265 ΜΒ.
1180 237 1260 266 vn.
1599 228 1678 269 159

155 328 251 369 triis
293 328 536 371 doricorum
579 330 717 372 edidit
747 331 971 387 volumen,
1012 334 1066 375 de
1104 336 1211 377 aede
1250 337 1427 380 Iunonis
1467 354 1575 396 quae
1613 348 1676 381 est

157 395 275 437 Sami
320 396 466 437 dorica
497 397 772 452 Theodorus,
813 399 867 440 de
904 402 1046 442 ionica
1077 403 1243 460 Ephesi
1274 421 1382 462 quae
1413 414 1478 448 est
1508 407 1676 449 Dianae

155 462 450 519 Chersiphron
481 472 522 506 et
544 466 810 522 Metagenes,
844 467 897 508 de
928 468 1028 510 fano
1060 470 1284 513 Minervae
1316 474 1430 530 quod
1462 481 1526 516 est
1556 475 1674 516 Pric-

152 544 233 571 nae
272 531 461 573 ionicum
492 532 705 589 Pytheos,
744 535 850 576 item
889 535 942 577 de
979 538 1087 578 aede
1117 539 1342 581 Minervae
1381 542 1529 583 dorica
1568 559 1676 599 quac

153 604 219 638 est
249 597 434 640 Athenis
466 600 511 640 in
539 615 639 642 arce
669 602 831 644 Ictinos
863 610 905 644 et
935 604 1138 661 Carpion,
1171 606 1423 650 Theodorus
1455 610 1674 652 Phocaeus
1701 621 1721 652 5

153 664 207 705 de
227 665 344 707 tholo
376 667 449 722 qui
481 674 545 709 est
566 668 765 726 Delphis,
798 670 922 712 Philo
955 671 1008 712 de
1039 673 1209 714 aedium
1242 690 1459 717 sacrarum
1491 694 1674 734 symme-

150 733 247 773 triis
270 740 312 774 et
343 733 397 775 de
427 738 757 778 armamentario
790 738 902 794 quod
935 739 1096 782 fecerat
1119 741 1288 782 Piraeei
1319 751 1459 799 portu,
1493 745 1673 789 Hermo-

150 814 282 855 genes
330 801 383 841 de
426 802 534 843 aede
570 804 740 846 Dianae
777 807 920 847 ionica
959 823 1068 864 quae
1107 816 1171 850 est
1201 809 1452 865 Magnesiae
1491 815 1673 868 pseudo-

151 867 343 924 dipteros
391 876 432 910 et
476 870 627 912 Liberi
664 873 805 915 Patris
845 875 934 916 Teo
979 883 1282 933 monopteros‚
1326 879 1430 919 item
1468 880 1672 923 Arcesius

150 935 204 975 de
261 934 526 992 symmetriis
586 940 810 982 corinthiis
863 949 903 983 et
954 944 1093 985 ionico
1143 944 1363 987 Trallibus
1412 947 1673 1004 Aesculapio
1702 960 1740 990 10

150 1003 264 1059 quod
303 1005 432 1045 etiam
467 1006 562 1061 ipse
591 1021 668 1048 sua
698 1023 827 1050 manu
857 1008 1018 1051 dicitur
1048 1011 1224 1066 fecisse,
1258 1012 1311 1053 de
1342 1013 1563 1057 Mausoleo
1598 1016 1671 1058 Sa—

147 1077 270 1126 tyrus
309 1078 351 1112 et
381 1072 594 1128 Pytheos,
634 1075 789 1131 quibus
821 1092 923 1119 vero
954 1077 1140 1120 felicitas
1172 1081 1409 1121 maximum
1440 1098 1671 1124 summum-

148 1153 230 1193 que
267 1139 449 1181 contulit
486 1157 654 1184 munus.
715 1159 895 1200 quorum
934 1146 1047 1186 enim
1076 1153 1190 1188 artes
1221 1163 1328 1190 aevo
1358 1158 1566 1206 perpetuo
1597 1167 1670 1193 no-

147 1205 381 1248 bilissimas
420 1207 568 1250 laudes
608 1216 648 1251 ct
687 1213 948 1269 sempiterno
986 1214 1187 1256 florentes
1220 1215 1378 1257 habere
1408 1218 1668 1272 iudicantur,

148 1275 406 1329 excogitatis
449 1278 644 1332 egregias
684 1293 833 1335 operas
871 1282 1196 1337 praestiterunt.
1263 1299 1446 1340 namque
1485 1286 1667 1342 singulis
1696 1299 1736 1329 15

144 1341 360 1383 frontibus
393 1343 553 1398 singuli
582 1346 770 1388 artifices
803 1356 1078 1404 sumpserunt
1111 1352 1308 1391 certatim
1339 1359 1483 1407 partes
1514 1353 1569 1393 ad
1603 1370 1666 1395 or-

144 1409 334 1450 nandum
367 1417 407 1451 θῖ
438 1411 708 1467 probandum
728 1415 971 1457 Leochares
993 1417 1181 1473 Bryaxis
1214 1418 1374 1476 Scopas
1406 1420 1665 1475 Praxiteles,

144 1476 339 1518 nonnulli
361 1479 491 1519 etiam
521 1487 674 1536 putant
696 1482 985 1538 Timotheum,
1019 1500 1199 1540 quorum
1229 1488 1334 1527 artis
1368 1488 1558 1530 eminens
1593 1504 1666 1530 ex-

144 1544 343 1586 cellentia
380 1548 523 1602 coegit
560 1548 615 1588 ad
647 1556 811 1605 septem
847 1551 1188 1606 spectaculorum
1220 1555 1311 1595 eius
1343 1557 1483 1611 operis
1515 1572 1665 1612 pervc—

143 1612 236 1652 nire
273 1613 447 1655 famam.
506 1623 729 1671 praeterea
766 1619 906 1659 minus
938 1619 1105 1662 nobiles
1136 1620 1259 1662 multi
1290 1630 1519 1679 praecepta
1551 1640 1663 1680 sym-
1691 1635 1734 1667 20

143 1681 391 1722 metriarum
413 1684 783 1739 conscripserunt,
812 1686 876 1726 uti
896 1686 1083 1728 Nexaris
1106 1688 1361 1745 Theocydes
1383 1691 1663 1747 Demophilos

235 1798 251 1827 1
278 1797 420 1828 iononis
446 1802 524 1829 ante
548 1808 638 1830 corr.
666 1799 712 1831 H.
745 1797 760 1841 Η
798 1801 817 1831 2
850 1800 948 1832 Sami
978 1804 1048 1834 ed.:
1088 1804 1195 1834 samii
1222 1804 1297 1838 GH.
1331 1802 1346 1846 ll
1380 1806 1591 1839 zeodoricus
1625 1810 1662 1845 G,

143 1852 315 1884 zeodorus
341 1854 378 1884 Il
403 1853 458 1893 (L,
485 1854 653 1886 teodorus
679 1855 734 1896 Ic),
760 1857 823 1888 sed
844 1857 937 1896 infra
961 1869 989 1891 v.
1009 1862 1029 1890 5
1055 1858 1250 1891 theodorus
1271 1861 1336 1891 Gll
1354 1862 1458 1900 (Llce,
1484 1865 1661 1896 zeodorus

141 1914 218 1940 ante
243 1919 333 1940 corr.
365 1909 402 1950 l).
436 1907 451 1952 ΙΙ
483 1909 525 1941 de
557 1910 680 1942 ionica
711 1911 811 1944 Seleu.
845 1912 982 1953 (ionica
1007 1914 1095 1955 ed.):
1133 1916 1277 1947 ionicae
1306 1917 1382 1951 GH.
1417 1916 1432 1960 Η
1464 1922 1483 1951 3
1517 1919 1661 1952 Chersi-

141 1964 255 2005 phron
281 1965 399 1997 Solva:
437 1966 631 2008 cresiphon
665 1967 740 2000 GH.
779 1967 794 2011 Η
830 1969 982 2011 prienae
1014 1969 1119 2011 (-ne
1149 1972 1190 2009 G,
1221 1983 1311 2015 —ne
1345 1973 1418 2014 G⁶):
1456 1976 1504 2006 sic·
1538 1976 1614 2007 Gll.
1643 1975 1646 2017 ἰ

140 2023 161 2052 4
185 2021 344 2062 Pytheos
373 2021 527 2063 (Schn.):
553 2022 693 2064 phileos
720 2024 748 2056 G
772 2023 824 2066 (l),
851 2025 1002 2066 phyleos
1034 2027 1069 2058 H
1101 2027 1192 2067 (Le).
1225 2026 1239 2069 Η
1272 2029 1397 2061 dorica
1430 2031 1532 2062 Phia:
1566 2032 1659 2063 dori-

142 2086 206 2108 cae
233 2077 348 2117 (dorie
373 2083 450 2110 ante
475 2090 566 2111 corr.
594 2079 634 2120 G,
661 2079 784 2112 dorice
813 2081 871 2122 GC)
901 2082 976 2113 GH.
1011 2080 1026 2125 Η
1059 2085 1078 2114 5
1103 2083 1244 2115 Ictinos
1272 2085 1398 2125 (—nus
1423 2087 1530 2126 Joc.):
1558 2088 1660 2119 ictio-

139 2143 204 2165 nos
231 2134 307 2165 GH.
340 2131 354 2176 Η
386 2135 406 2166 6
432 2136 580 2167 sacroru
609 2136 646 2169 G.
669 2133 683 2177 ΙΙ
709 2137 726 2168 7
753 2139 1034 2170 armamentario
1060 2141 1131 2172 θῶς
1159 2142 1380 2173 armentario
1409 2143 1485 2176 GH.
1513 2140 1526 2185 ll
1562 2145 1660 2176 fecc-

140 2193 198 2221 rat
221 2190 431 2222 Hemsterlz.:
457 2191 580 2223 fuerat
607 2192 682 2224 Gll.
712 2189 727 2234 ΙΙ
759 2193 909 2225 Piraeei
933 2198 1039 2235 portu
1065 2195 1198 2237 (piraei
1222 2197 1259 2228 in
1284 2201 1390 2238 portu
1421 2198 1508 2239 ecl.):
1542 2201 1661 2241 pii-aei

140 2245 284 2287 (pyraei
309 2251 386 2278 ante
411 2257 500 2279 corr.
528 2248 571 2284 G,
597 2249 701 2289 pyrei
733 2247 792 2291 Ge)
824 2254 930 2291 portu
964 2251 1040 2282 GH.
1077 2248 1092 2294 Η
1131 2253 1151 2283 8
1178 2253 1427 2294 deaeldianae
1459 2260 1536 2286 ante
1567 2268 1656 2289 corr.

139 2300 212 2344 (qui
235 2304 315 2336 add.
340 2301 398 2343 de)
425 2303 464 2333 H
487 2301 592 2345 (deae
619 2304 727 2345 diane
755 2305 793 2341 L,
820 2305 864 2337 de
890 2306 971 2348 edic
997 2307 1104 2340 <hane
1135 2308 1172 2348 l).
1204 2307 1219 2352 Η
1255 2310 1377 2342 ionica
1407 2312 1478 2342 ed.:
1511 2311 1656 2345 ionicae

141 2358 218 2392 GH,
246 2355 262 2400 Ι]
293 2358 508 2401 Magnesiae
543 2360 635 2392 Joc.:
673 2361 864 2403 magnesia
897 2363 974 2396 GII.
1012 2362 1027 2406 ΙΙ
1063 2366 1082 2396 9
1108 2365 1183 2397 Τθο
1218 2367 1292 2398 ⁷loe.
1335 2365 1392 2407 (ef.
1421 2378 1457 2408 p.
1494 2370 1551 2405 72,
1579 2368 1654 2409 15):

138 2413 212 2446 &eo
238 2414 274 2444 Il
299 2413 374 2455 (Le,
400 2413 429 2446 &
455 2426 496 2447 co
521 2416 560 2452 Ιι,
586 2425 602 2447 ἰ
634 2426 675 2449 eo
701 2417 744 2459 l),
771 2421 807 2449 et.
831 2429 872 2450 eo
901 2419 940 2450 G.
973 2416 987 2462 ss
1024 2425 1254 2463 monopteros
1288 2423 1331 2454 G:
1369 2427 1594 2456 monoeteros
1619 2426 1656 2456 ll

140 2469 245 2512 (Ide).
277 2467 292 2512 Ι]
324 2470 498 2503 Arcesius
530 2472 589 2512 (cf.
620 2484 656 2514 p.
690 2476 741 2511 90,
768 2473 845 2513 22):
884 2475 1044 2516 argelius
1079 2477 1147 2508 GH
1177 2478 1235 2518 (lc,
1269 2479 1443 2520 argellius
1475 2479 1532 2521 L).
1565 2478 1579 2521 Η
1616 2483 1651 2512 ll
1689 2521 1697 2525 η

139 2525 350 2558 manusoleo
369 2533 446 2559 ante
460 2538 549 2559 corr.
567 2531 607 2560 le.
630 2528 645 2571 ΙΙ
667 2533 810 2562 saturus
832 2531 909 2563 Gll.
933 2529 947 2573 ΙΙ
973 2533 1012 2563 12
1030 2533 1206 2574 Pytheos:
1232 2535 1376 2577 phitcus
1396 2536 1461 2567 Gll
1480 2535 1546 2577 (ld,
1565 2536 1652 2578 pluy-

138 2584 219 2613 teus
244 2581 311 2622 eh).
341 2580 356 2624 Η
387 2593 490 2615 vcro:
514 2587 563 2616 sic
591 2585 666 2618 GH.
699 2584 713 2627 Η
745 2587 938 2618 maximum
968 2598 1233 2632 summumque:
1264 2593 1313 2623 sic
1341 2592 1415 2625 Gll.
1450 2591 1463 2633 g:
1496 2594 1534 2622 14
1561 2602 1652 2624 sem—

136 2638 299 2679 piternos
328 2639 365 2672 G.
398 2636 413 2681 ΙΙ
446 2641 487 2672 15
513 2641 730 2683 excogitatis
755 2653 832 2684 eya:
866 2646 903 2675 et
935 2645 1107 2686 cogitatis
1135 2647 1211 2679 GH.
1244 2645 1259 2689 Η
1301 2650 1338 2679 16
1371 2648 1549 2679 frontibus
1580 2648 1652 2680 sin-

139 2693 214 2735 guli
241 2694 284 2725 G:
313 2695 495 2727 frontibus
521 2697 677 2738 singulis
702 2698 742 2729 H
764 2696 831 2738 (la,
858 2710 918 2732 om.
945 2700 1013 2740 elz).
1032 2698 1047 2743 ΙΙ
1073 2704 1111 2734 17
1136 2703 1258 2736 brixcs
1288 2705 1325 2742 G,
1352 2704 1506 2745 bryaxcs
1532 2704 1570 2735 ll
1595 2705 1650 2746 (lc,

137 2749 308 2790 briyaxes
333 2749 390 2792 L).
413 2749 428 2793 ΙΙ
452 2751 591 2794 Scopas
608 2754 702 2786 Joe.:
729 2755 886 2796 scaphas
915 2755 983 2788 Gll
1003 2756 1116 2797 (Lech,
1142 2759 1274 2801 scaphs
1299 2763 1376 2791 ante
1400 2770 1491 2791 corr.
1516 2771 1543 2797 c,
1570 2771 1650 2793 sca-

137 2804 226 2846 phes
249 2806 286 2847 l).
317 2804 334 2849 {l
363 2807 554 2848 praxitelis
582 2809 658 2844 GII,
690 2808 705 2852 Η
739 2812 778 2842 19
805 2812 905 2853 cogit
931 2812 970 2846 G.
996 2810 1012 2855 Η
1040 2814 1083 2846 20
1107 2815 1211 2846 multi
1239 2815 1273 2845 ΙΙ
1297 2815 1405 2856 (Llc):
1433 2816 1546 2848 multa
1573 2818 1610 2850 G.
1632 2818 1647 2858 βξ

136 2862 176 2892 21
203 2862 257 2892 uti
281 2863 427 2896 nexaris
453 2864 481 2896 G
506 2862 594 2906 (elz),
620 2868 661 2897 ut
684 2866 845 2900 inexaris
875 2866 916 2899 II
942 2867 1024 2910 (LI).
1053 2867 1068 2913 Η
1101 2870 1285 2903 theocides
1318 2870 1364 2902 Il.
1402 2868 1417 2915 Η
1457 2872 1648 2917 demophy-

132 2916 188 2951 los
213 2916 260 2949 H.
