1899 3322
578 229 639 257 DE
671 229 1022 263 ARCHITECTURA
1056 234 1146 264 LIB.
1178 240 1222 265 x.
1577 230 1660 271 273

139 333 296 380 menta,
329 335 603 384 sumpserunt
634 330 802 385 tignum
834 332 963 389 idque
993 336 1192 377 manibus
1215 328 1476 381 sustinentes
1499 342 1657 397 capite-

138 407 220 449 que
259 395 349 451 cius
388 410 600 437 summum
633 412 800 438 murum
834 402 1103 443 continenter
1132 404 1351 459 pulsantes
1382 422 1568 450 summos
1599 409 1658 450 la-

137 461 287 517 pidum
327 461 501 504 ordines
542 463 809 518 deiciebant,
851 473 892 508 et
922 468 982 509 ita
1012 471 1227 524 gradatim
1259 488 1313 513 ex
1343 475 1494 516 ordine
1524 482 1658 518 totam

135 530 513 571 communitionem
544 531 882 588 dissipaverunt.
939 543 1088 592 postea
1119 538 1296 594 quidam
1327 540 1450 583 faber
1480 543 1656 599 Tyrius,

108 597 308 650 *nomine
353 596 696 654 Pephrasmenos
740 615 791 641 ac
837 603 1023 657 ratione,
1071 619 1119 645 ea
1162 606 1413 649 inventione
1454 610 1656 653 inductus
1683 623 1703 653 5

112 647 246 704 xmalo
278 670 436 706 statuto
459 680 515 706 ex
536 681 584 707 eo
607 666 791 709 alterum
820 675 1116 712 transversum
1147 674 1210 713 uti
1242 676 1448 716 trutinam
1479 692 1656 734 suspen—

119 730 204 784 ³dit
237 738 277 772 et
305 732 366 772 ita
396 733 641 776 reducendo
673 742 715 776 et
744 736 992 793 inpellendo
1023 741 1295 782 vementibus
1326 742 1467 798 plagis
1500 744 1657 788 deiecit

136 797 453 841 Gaditanorum
484 816 667 842 murum.
714 803 846 845 Ceras
877 812 1020 846 autem
1043 806 1361 851 Chalcedonius
1393 810 1446 851 de
1478 814 1657 854 materia

134 867 320 921 primmn
358 867 498 908 basim
537 869 745 911 subiectis
777 873 882 913 rotis
915 873 1018 915 fecit
1049 889 1263 931 supraque
1295 880 1511 934 compegit
1542 895 1655 922 arre-

134 935 280 975 ctariis
314 941 355 976 et
393 936 507 990 iugis
547 951 673 979 varas
707 945 748 980 et
778 939 823 979 in
853 939 920 981 his
960 942 1185 998 suspendit
1223 945 1402 985 arietem
1441 948 1656 1004 coriisque
1684 960 1723 990 10

138 1000 312 1043 bubulis
343 1004 455 1044 texit
465 1035 476 1056 ,
508 1005 573 1045 uti
602 1007 782 1047 tutiores
816 1015 960 1049 essent
992 1011 1065 1065 qui
1095 1011 1140 1051 in
1172 1025 1221 1052 ea
1251 1013 1569 1056 machinatione
1599 1016 1655 1056 ad

133 1069 397 1124 pulsandum
420 1086 590 1112 murum
623 1080 768 1114 essent
799 1074 1023 1117 conlocati.
1069 1077 1166 1119 idco
1197 1085 1339 1120 autem
1363 1082 1478 1136 quod
1508 1083 1655 1124 tardos

133 1143 310 1177 conatus
355 1137 585 1192 habuerat,
636 1140 899 1182 testudinem
943 1144 1190 1185 arietariam
1233 1146 1452 1202 appellare
1498 1152 1653 1207 coepit.

88 1214 108 1243 3
133 1203 199 1244 his
230 1211 333 1245 tunc
363 1206 514 1260 primis
552 1208 760 1262 gradibus
792 1211 945 1265 positis
977 1211 1031 1251 ad
1064 1211 1108 1252 id
1139 1228 1275 1267 genus
1306 1215 1652 1272 machinationis,

130 1278 280 1327 postea
311 1286 408 1312 cum
429 1273 656 1330 Philippus
686 1277 906 1332 Amyntae
933 1277 1045 1319 filius
1076 1279 1338 1335 Byzantium
1367 1292 1650 1339 oppugnaret,
1680 1299 1720 1327 15

131 1338 338 1394 Polyidos
370 1339 593 1383 Thettalos
632 1342 828 1398 pluribus
866 1345 1099 1399 generibus
1140 1353 1181 1388 et
1211 1348 1479 1391 facilioribus
1513 1352 1650 1408 expli-

130 1407 260 1446 cavit.
319 1421 344 1446 a
375 1421 458 1462 quo
495 1417 748 1465 receperunt
786 1411 1025 1453 doctrinam
1067 1413 1230 1455 Diades
1270 1421 1311 1456 et
1351 1416 1531 1459 Charias
1577 1420 1651 1475 qui

130 1486 227 1513 cum
255 1472 508 1516 Alexandro
540 1475 850 1520 militaverunt.

90 537 109 567 N.)

241 1540 395 1596 Itaque
426 1542 589 1584 Diades
627 1546 800 1601 scriptis
839 1548 928 1588 suis
964 1548 1154 1590 ostendit
1185 1564 1230 1590 se
1261 1551 1481 1593 invenisse
1510 1559 1649 1596 turres

127 1607 455 1663 ambulatorias,
495 1626 600 1666 quas
639 1613 767 1653 etiam
806 1613 1037 1656 dissolutas
1069 1617 1114 1656 in
1146 1618 1340 1658 exercitu
1372 1619 1647 1663 circumferre
1674 1634 1717 1664 20

128 1674 307 1728 solebat,
339 1683 560 1732 praeterea
590 1679 807 1721 terebram
830 1688 871 1722 et
898 1683 1201 1724 ascendentem
1223 1685 1466 1727 machinam
1488 1703 1571 1744 qua
1592 1690 1648 1731 ad

127 1757 296 1784 murum
326 1743 453 1799 plano
484 1745 595 1801 pede
633 1749 840 1789 transitus
880 1764 972 1791 csse
1002 1757 1167 1806 posset,
1207 1752 1335 1792 etiam
1367 1768 1542 1796 corvum
1564 1757 1645 1798 de-

81 1823 103 1853 4
127 1807 382 1864 molitorem,
416 1826 541 1867 quem
570 1813 766 1855 nonnulli
796 1830 945 1870 gruem
975 1817 1208 1874 appellant.
1266 1835 1352 1861 non
1381 1823 1522 1864 minus
1554 1831 1645 1865 ute-

128 1876 256 1918 batur
312 1878 445 1919 ariete
501 1881 745 1935 subrotato,
812 1884 931 1925 cuius
982 1885 1169 1926 rationes
1227 1888 1409 1943 scriptas
1459 1889 1645 1947 reliquit.

126 1945 280 1985 turrim
325 1952 467 1986 autem
512 1950 731 1989 minimam
778 1951 839 1991 ait.
877 1958 1073 2007 oportere
1111 1952 1205 1994 fieri
1249 1969 1302 1995 ne
1340 1956 1480 1997 minus
1515 1958 1645 1999 altam
1673 1970 1714 2001 25

128 2011 371 2053 cubitorum
402 2025 486 2067 Lx,
532 2014 806 2057 latitudinem
837 2030 957 2071 XVII,
999 2026 1313 2062 contracturam
1350 2030 1493 2064 autem
1531 2041 1643 2067 sum-

216 2230 235 2260 2
262 2230 494 2261 continentur
523 2232 553 2262 lc
589 2223 752 2273 (fitinent
778 2233 845 2275 H).
878 2231 893 2276 Η
932 2237 951 2266 4
985 2238 1261 2269 commotionem
1288 2243 1366 2270 ante
1391 2250 1481 2274 corr.
1510 2242 1546 2275 G.
1582 2241 1596 2285 Η
1624 2245 1644 2275 5

122 2283 413 2325 ρερῖιῑεῑειηευοε,
431 2286 471 2316 Il
486 2284 591 2329 (Llc),
618 2288 926 2330 phephrasmenos
946 2292 973 2323 G
990 2290 1250 2335 (πεφασμένος
1277 2295 1495 2337 Athenaeus).
1517 2294 1530 2339 Η
1547 2307 1589 2329 ac
1609 2299 1644 2329 H

126 2339 194 2380 (Ll,
214 2340 282 2372 hac.
301 2339 422 2382 Ledo:
442 2342 510 2374 hac
531 2344 558 2375 G
576 2341 659 2383 (hac
680 2345 750 2384 GC).
770 2343 784 2387 Η
801 2356 845 2378 ca
862 2357 940 2387 eyo:
959 2346 987 2379 δε
1006 2347 1057 2388 (et
1077 2350 1118 2389 G)
1140 2351 1214 2383 GIl.
1234 2347 1249 2392 Η
1267 2352 1284 2382 7
1304 2351 1355 2382 ita
1374 2362 1451 2391 eqo:
1471 2352 1506 2382 in
1527 2353 1601 2384 Gll.
1624 2352 1639 2395 ἶΙ

124 2396 352 2429 vementibus
370 2398 562 2430 Lachmann
588 2399 877 2439 (vehementibus
895 2402 981 2443 ed.):
1008 2405 1238 2437 venientibus
1259 2407 1334 2440 GH.
1351 2404 1366 2448 Η
1389 2408 1409 2438 8
1427 2408 1640 2447 graditano-

124 2461 201 2482 rum
218 2457 296 2484 ante
320 2463 410 2484 corr.
432 2454 470 2486 G.
493 2452 508 2496 Η
530 2454 690 2487 ca&eras
716 2457 795 2496 (cac
821 2461 918 2489 teras
947 2459 987 2498 G)
1020 2460 1089 2490 Gll
1111 2460 1240 2503 (γηρας
1261 2462 1367 2502 Am).
1391 2460 1405 2504 Η
1429 2463 1640 2496 chalchedo-

124 2507 205 2538 nius
239 2508 305 2539 GH
336 2504 603 2552 (καρχηδόνιος
630 2512 738 2552 Am).
770 2510 785 2554 Η
826 2515 866 2545 10
899 2517 934 2545 et
964 2515 1059 2556 iugis
1085 2526 1193 2548 varas
1225 2517 1259 2547 ll
1286 2518 1392 2557 (Lle):
1433 2521 1468 2549 ct
1489 2517 1494 2558 Ι
1517 2519 1638 2551 varias

125 2578 203 2606 ante
228 2585 317 2609 corr.
347 2576 374 2607 G
405 2567 543 2620 (varnis
557 2591 599 2605 =
615 2579 728 2610 variis
747 2580 802 2619 GC,
823 2582 878 2621 qui
895 2585 927 2612 et
943 2582 1022 2614 add.
1042 2582 1163 2625 iugis).
1181 2581 1196 2625 Η
1215 2585 1254 2615 12
1273 2584 1353 2616 idco
1368 2596 1445 2625 090:
1467 2585 1501 2616 id
1522 2586 1598 2617 Gll.
1621 2584 1635 2629 Η

127 2631 168 2662 13
201 2634 351 2662 conatus
383 2642 442 2666 om.
469 2635 508 2664 Ie.
531 2631 546 2676 Η
571 2636 610 2665 15
636 2635 852 2676 Byzantium
871 2638 941 2669 ed.:
974 2636 1051 2678 by(1
1071 2638 1235 2678 G)zantio
1255 2640 1329 2673 Gll.
1360 2638 1374 2681 Η
1406 2642 1444 2671 16
1470 2641 1641 2682 Polyidos

125 2685 186 2725 (επ
204 2685 318 2727 Ath.):
345 2687 484 2729 pholy(1
503 2689 612 2729 G)dos
639 2691 716 2722 Gll.
748 2689 762 2733 Η
795 2692 978 2725 thethalos
1003 2694 1040 2724 Il
1072 2693 1182 2736 (Me),
1208 2695 1367 2726 thetalos
1395 2696 1432 2727 G.
1464 2694 1478 2737 Η
1518 2698 1557 2728 17
1583 2708 1638 2729 rc-

127 2746 323 2784 eoeperunt
350 2744 394 2775 ll.
414 2742 428 2786 Η
446 2744 564 2777 diadis
589 2751 665 2778 ante
691 2758 779 2779 eurr.
807 2749 844 2778 Il
860 2748 1011 2787 (cliades
1037 2750 1072 2790 l).
1094 2748 1108 2793 Η
1135 2751 1254 2782 carias
1282 2751 1347 2781 (ill
1365 2750 1518 2790 (Chares
1535 2753 1637 2791 Mar„

126 2797 304 2830 Charidas
328 2811 434 2840 supra
457 2812 491 2842 p.
518 2803 592 2841 160,
619 2803 665 2843 4).
684 2801 698 2844 Η
727 2805 768 2834 ’22
794 2805 929 2836 cornui]
956 2810 1033 2836 ante
1050 2816 1139 2838 corr.
1165 2806 1306 2846 (corun)
1333 2806 1373 2837 G.
1391 2803 1405 2848 Η
1424 2809 1465 2839 23
1491 2818 1637 2849 grauem

125 2858 202 2885 ante
219 2864 311 2886 corr.
332 2856 359 2887 G
373 2856 460 2896 (ilem
478 2857 513 2897 l).
531 2855 546 2899 Η
563 2859 606 2889 25
621 2858 710 2897 (ilem
727 2861 746 2890 2
763 2865 796 2890 el
813 2860 973 2902 4p.seq.)
990 2865 1122 2894 turrem
1139 2862 1205 2893 Gll
1223 2860 1347 2901 (—rim
1366 2863 1409 2894 Ge
1423 2865 1469 2895 ad
1484 2875 1512 2897 v.
1531 2864 1603 2905 25).
1619 2862 1635 2909 Η

127 2909 198 2941 αἰτῇ
224 2910 260 2940 II
284 2907 419 2951 (—tam
441 2913 512 2953 LO:
540 2913 615 2945 alta
643 2916 680 2947 Η.
705 2913 719 2956 Η
740 2917 781 2946 2ss
808 2916 869 2947 Lx
898 2915 975 2958 (pt-o
1000 2918 1063 2960 IX)
1089 2920 1160 2950 doe.
1189 2919 1247 2958 (ew
1275 2918 1385 2958 .-Jctz.):
1412 2930 1539 2952 novem
1559 2920 1634 2952 GH.

171 2976 321 3001 vrrnuv.
349 2978 393 2999 ΒΕ
421 2978 569 2999 Ancum.
1319 2973 1368 3013 18
