1909 3322
181 935 219 964 lo

178 1204 213 1233 II

180 1272 220 1302 15

245 206 324 248 188
891 209 1100 240 VITRUVII

243 331 437 360 exurere.
482 313 796 370 intervallaque
825 312 1034 354 montium
1065 312 1250 352 maxime
1280 310 1495 366 recipiunt
1524 308 1684 350 imbres
1716 314 1756 349 et

242 391 417 443 propter
454 381 661 423 silvarum
700 380 974 422 crebritatem
1019 379 1142 420 nives
1180 378 1236 419 ab
1273 376 1437 418 umbris
1475 375 1676 417 arborum
1716 381 1757 416 et

243 451 451 493 montium
482 449 544 490 ibi
575 448 737 490 diutius
769 453 1092 499 conservantur,
1125 444 1280 486 deinde
1311 443 1500 499 liquatae
1522 457 1597 498 per
1618 449 1757 484 terrae

243 534 374 559 venas
406 516 680 573 percolantur
710 522 752 557 et
781 516 842 556 ita
872 515 1131 570 perveniunt
1167 511 1223 553 ad
1254 511 1421 552 infimas
1453 511 1662 551 montium
1692 525 1756 550 ra-

244 587 374 639 dices,
408 600 463 626 ex
494 583 649 640 quibus
681 583 939 640 profluentes
970 582 1153 622 fontium
1186 584 1414 634 erumpunt
1434 583 1596 618 ructus.
1647 592 1755 618 cam-

244 653 462 711 pestribus
494 657 636 692 autem
667 650 772 692 locis
804 649 1017 691 contrario
1056 663 1143 689 non
1180 651 1361 702 possunt
1400 644 1561 686 habere
1598 645 1756 701 copias.

244 737 342 762 nam
390 733 684 776 quaecumque
737 724 835 760 sunt
879 732 964 758 non
1009 720 1190 771 possunt
1241 713 1399 755 habere
1444 711 1757 765 salubritatem,

244 789 358 846 quod
407 787 511 830 solis
551 786 780 827 vehemens
830 785 1014 840 impetus
1065 787 1240 839 propter
1286 779 1449 821 nullam
1499 780 1758 821 obstantiam

244 856 493 898 umbrarum
532 854 659 910 eripit
690 851 983 893 exhauriendo
1015 850 1188 890 fervens
1221 863 1276 889 ex
1305 847 1484 904 planitie
1514 862 1759 903 camporum

244 938 448 975 umorem,
482 928 523 963 et
554 922 591 962 si
623 935 730 976 quae
761 925 860 960 sunt
889 933 1024 974 aquae
1054 922 1333 973 apparentes,
1367 930 1421 955 ex
1452 915 1519 956 his
1551 914 1665 970 quod
1696 920 1761 954 est

243 991 512 1032 levissimum
542 988 928 1042 tenuissimumque
959 992 1000 1026 et
1031 983 1179 1026 subtili
1211 983 1464 1025 salubritate
1484 996 1557 1023 aer
1576 996 1759 1022 avocans

245 1060 429 1114 dissipat
459 1058 504 1097 in
534 1056 743 1111 impetum
781 1053 887 1094 caeli
928 1066 1120 1108 quaeque
1157 1051 1442 1106 gravissimae
1473 1049 1689 1105 duraeque
1720 1055 1761 1089 et

245 1128 446 1168 insuaves
479 1129 577 1165 sunt
607 1128 765 1178 partes,
799 1136 872 1162 eae
897 1122 941 1161 in
962 1119 1155 1161 fontibus
1178 1118 1491 1175 campestribus
1513 1115 1758 1172 relinquun-

245 1201 326 1235 tur.
395 1193 538 1247 itaque
580 1203 688 1246 quae
727 1203 781 1230 ex
825 1187 1038 1233 imbribus
1083 1201 1195 1241 aqua
1240 1185 1457 1240 colligitur
1501 1183 1760 1225 salubriores

245 1261 374 1302 habet
405 1259 604 1311 virtutes,
638 1256 752 1313 quod
784 1255 960 1310 eligitur
991 1269 1046 1295 ex
1076 1253 1272 1295 omnibus
1304 1252 1495 1295 fontibus
1527 1251 1760 1292 levissimis

246 1327 562 1381 subtilibusque
601 1323 907 1375 tenuitatibus,
950 1321 1106 1362 deinde
1144 1336 1220 1377 per
1257 1321 1368 1361 aeris
1409 1319 1761 1360 exercitationem

244 1394 460 1453 percolata
478 1391 808 1447 tempestatibus
829 1389 1106 1445 liquescendo
1128 1389 1325 1445 pervenit
1341 1387 1396 1428 ad
1413 1393 1583 1430 terram.
1615 1386 1761 1426 etiam-

247 1478 327 1520 que
358 1477 444 1503 non
475 1458 683 1501 crebriter
714 1459 759 1499 in
790 1458 952 1513 campis
986 1456 1204 1498 confluunt
1235 1455 1394 1496 imbres
1426 1454 1503 1495 sed
1533 1454 1578 1494 in
1608 1453 1760 1494 monti-

248 1531 327 1572 bus
358 1535 431 1570 aut
460 1527 516 1568 ad
546 1527 663 1582 ipsos
695 1530 883 1578 montes,
915 1524 1012 1565 ideo
1044 1523 1160 1579 quod
1189 1537 1358 1564 umores
1391 1537 1446 1562 ex
1482 1528 1596 1562 terra
1625 1526 1760 1560 matu-

246 1599 336 1640 tino
368 1596 470 1637 solis
501 1599 598 1636 ortu
616 1593 721 1634 moti
743 1607 839 1633 cum
861 1598 960 1633 sunt
991 1591 1173 1645 egressi,
1205 1591 1250 1630 in
1271 1602 1568 1646 quamcunque
1598 1593 1761 1643 partem

249 1664 353 1706 caeli
395 1669 494 1705 sunt
531 1660 781 1716 proclinati,
820 1659 1000 1700 trudunt
1035 1673 1156 1711 aera,
1196 1656 1352 1698 deinde
1389 1671 1484 1697 cum
1523 1661 1622 1696 sunt
1658 1655 1762 1695 moti

248 1738 421 1789 propter
450 1728 714 1770 vacuitatem
744 1726 826 1768 loci
857 1733 955 1783 post
987 1740 1031 1767 se
1052 1725 1265 1781 recipiunt
1294 1725 1404 1765 aeris
1425 1723 1588 1764 ruentis
1608 1721 1762 1763 undas.

247 1815 320 1840 aer
350 1804 493 1839 autem
522 1796 595 1851 qui
625 1795 711 1835 ruit
740 1793 919 1835 trudens
942 1807 1209 1849 quocumque
1239 1806 1429 1832 umorem
1459 1805 1536 1846 per
1556 1790 1645 1830 vim
1677 1790 1761 1845 spi-

248 1869 357 1909 ritus
395 1866 580 1920 impetus
612 1868 653 1903 et
682 1861 820 1902 undas
853 1866 1091 1902 crescentes
1130 1859 1234 1900 facit
1264 1865 1505 1900 ventorum.
1565 1872 1590 1897 a
1621 1857 1763 1897 ventis

249 1941 392 1976 autem
431 1943 698 1988 quocumque
737 1929 933 1970 feruntur
969 1941 1137 1968 umores
1181 1925 1427 1981 conglobati
1472 1939 1526 1966 ex
1572 1923 1763 1966 fontibus

344 2102 358 2131 1
386 2099 673 2140 intervallaque:
711 2099 758 2129 sic·
791 2098 903 2129 EGH.
935 2095 950 2139 ll
981 2096 1125 2128 umbres
1156 2098 1197 2128 Ic.
1230 2093 1245 2137 Η
1279 2097 1297 2127 2
1323 2095 1427 2127 nives
1454 2095 1498 2126 ab
1592 2094 1763 2125 montium

252 2156 320 2187 ibi:
345 2158 394 2187 sie
420 2156 531 2189 EGH.
562 2153 576 2197 Η
608 2154 752 2185 umbres
778 2158 854 2184 ante
879 2164 968 2186 corr.
995 2153 1041 2184 H.
1074 2150 1089 2194 Η
1119 2153 1140 2183 4
1165 2150 1354 2183 adinfimas
1380 2151 1482 2182 EGH
1500 2149 1555 2190 (L,
1575 2149 1766 2181 abinfimas

252 2213 301 2251 elz,
330 2212 527 2244 aoimfimas
553 2216 630 2243 (mle
655 2221 745 2242 corr.
772 2209 808 2250 l).
834 2206 849 2250 Η
871 2210 890 2240 5
917 2211 1040 2240 ructus
1058 2208 1122 2239 EG
1147 2207 1222 2248 (sed
1241 2207 1284 2238 Gc
1308 2209 1341 2238 z'n
1358 2217 1462 2248 marg).
1486 2207 1500 2237 ῑ
1526 2205 1565 2237 al
1590 2204 1763 2245 fructus)t

254 2268 393 2299 fructus
419 2269 459 2299 H
482 2266 584 2309 (Llc).
619 2264 633 2307 Η
666 2264 930 2306 campestribus
963 2267 1083 2296 autem
1109 2263 1199 2296 locis
1233 2262 1433 2295 contrario:
1465 2263 1514 2293 sic
1548 2261 1660 2293 EGH.
1693 2258 1707 2301 Η
1745 2262 1763 2292 7

253 2335 335 2355 nam
369 2332 631 2365 quaecumque:
669 2323 716 2353 sz‘c
753 2320 855 2352 EGH
894 2319 1144 2362 (namque(que
1174 2318 1319 2354 EGch)
1351 2327 1503 2358 cumque
1534 2317 1614 2357 EG,
1645 2325 1765 2357 namq3

255 2389 370 2421 cnmq3
403 2380 439 2410 H
468 2378 572 2419 (ΜΟ).
610 2376 624 2421 Η
663 2379 705 2409 10
734 2377 881 2408 humore
912 2379 954 2408 lc.
993 2374 1007 2418 Η
1047 2386 1137 2417 quae
1169 2377 1269 2406 sunt:
1307 2376 1356 2406 εἰσ
1386 2373 1498 2406 EGH.
1531 2370 1546 2415 Η
1584 2383 1765 2414 apparan-

254 2439 309 2467 tes
338 2437 380 2466 H.
414 2433 429 2477 Η
462 2437 499 2466 11
528 2445 590 2467 aer
615 2443 776 2466 avocans
801 2434 891 2466 -Joc,:
927 2441 1153 2464 aeravocans
1181 2431 1224 2466 H,
1252 2440 1339 2461 aera
1362 2439 1500 2461 vocans
1527 2429 1590 2460 EG
1615 2426 1717 2469 (Llc).
1747 2427 1761 2467 Η

256 2493 296 2522 12
329 2492 465 2533 impetu
498 2489 558 2531 (ecc
580 2489 680 2531 —ts1)
714 2490 771 2522 GC.
803 2487 817 2531 Η
856 2498 998 2531 queque
1030 2488 1111 2519 EG:
1149 2495 1257 2528 quaq3
1288 2486 1324 2516 H
1356 2485 1415 2526 (LI
1444 2490 1477 2516 et
1507 2489 1584 2516 ante
1614 2495 1703 2516 corr.
1736 2495 1763 2522 c,

255 2558 417 2589 quaeque
436 2547 520 2588 eelz).
543 2544 558 2590 Η
580 2548 619 2579 13
638 2556 704 2577 eae
724 2546 825 2577 EGH
843 2544 926 2585 (hae
945 2544 1033 2585 Lle).
1056 2541 1072 2586 Η
1094 2543 1255 2575 fontibus
1273 2542 1353 2575 EG:
1372 2542 1554 2573 frontibus
1573 2541 1607 2571 H
1626 2539 1728 2580 (Llc).
1746 2537 1761 2576 Η

257 2606 296 2635 15
321 2604 475 2635 virtutes
501 2603 612 2644 quod:
638 2603 686 2633 sic
712 2602 823 2633 EGII.
856 2599 870 2642 Η
903 2602 943 2632 16
969 2599 1102 2632 deinde
1122 2617 1164 2621 —
1184 2598 1460 2641 tempestatibus
1486 2607 1547 2628 om.
1583 2596 1622 2626 E.
1654 2593 1670 2636 Η
1701 2605 1763 2636 per

257 2672 351 2702 aeris
384 2672 410 2704 G
442 2669 567 2714 (Lcle):
606 2669 743 2711 pcreris
780 2673 857 2700 ame
888 2679 976 2700 corr.
1009 2668 1048 2698 H
1077 2657 1229 2708 (perieris
1272 2667 1338 2702 Hc,
1383 2666 1469 2696 unde
1505 2663 1645 2704 peraris
1687 2667 1763 2693 ante

257 2738 346 2758 corr.
380 2728 437 2769 L).
477 2725 492 2770 Η
530 2729 572 2759 20
601 2726 689 2757 moti
721 2735 799 2755 cum
837 2724 938 2755 EGH
969 2724 1029 2764 (L,
1069 2722 1247 2754 modicum
1277 2721 1332 2762 Ic).
1373 2719 1387 2763 Η
1426 2729 1650 2761 quacumque
1688 2723 1764 2749 ante

257 2793 345 2814 ern-r.
374 2784 405 2814 E
430 2782 480 2824 (l).
515 2781 530 2825 Η
559 2784 600 2814 22
626 2780 763 2812 ruentis
788 2791 863 2820 eqo:
904 2782 1049 2811 ruentes
1082 2778 1192 2811 EGH.
1223 2775 1238 2820 Η
1264 2779 1306 2809 23
1333 2776 1481 2818 spiritus
1506 2775 1677 2816 impetus:
1717 2775 1766 2805 sic

262 2838 369 2871 EGH.
400 2837 414 2881 Η
442 2841 484 2871 25
510 2839 676 2871 feruntur
701 2836 852 2868 EchJJc
878 2834 983 2877 (Llc):
1010 2836 1197 2868 feruuntur
1220 2838 1298 2865 ante
1323 2843 1411 2864 corr.
1439 2832 1484 2871 ll,
1510 2831 1672 2862 ferentur
1689 2835 1765 2861 ante

257 2904 348 2928 corr.
374 2895 447 2930 EG.

1782 318 1800 347 7

1788 1799 1806 1828 Ν)
