1909 3322
158 622 176 652 <51

206 230 285 272 156
862 238 1068 268 virvan

203 341 499 398 vituperandi,
542 342 700 397 quique
738 356 822 382 non
858 341 1044 397 propriis
1085 340 1421 395 cogitationibus
1461 341 1719 397 scriptorum

202 411 416 462 nituntur,
462 409 539 450 sed
583 408 744 449 invidis
790 409 981 450 moribus
1024 408 1164 448 aliena
1210 407 1419 449 violantes
1464 407 1718 462 gloriantur,

203 493 287 519 non
324 476 452 519 modo
490 483 589 518 sunt
625 475 988 532 reprehendendi,
1029 475 1103 517 sed
1143 476 1269 516 etiam
1309 476 1410 531 quia
1441 476 1572 532 impio
1603 490 1719 516 more

204 546 420 598 vixerunt,
453 559 590 601 poena
620 544 946 586 condemnandi.
995 557 1073 584 nec
1104 549 1246 584 tamen
1276 543 1381 583 haec
1410 557 1478 583 res
1509 558 1593 584 non
1624 544 1717 583 vin<

203 613 369 654 dicatae
391 613 600 654 curiosius
632 612 687 653 ab
717 612 906 668 antiquis
939 626 1032 652 esse
1062 616 1367 651 memorantur.
1418 625 1597 666 quorum
1629 611 1717 650 exi-

200 688 268 722 tus
306 679 563 722 iudiciorum
600 681 672 736 qui
710 679 892 732 fuerint,
932 694 1017 719 non
1049 684 1113 719 est
1143 677 1331 718 alienum
1362 677 1718 733 quemadmodum

201 750 286 790 sint
307 748 431 789 nobis
453 747 603 789 traditi
620 747 850 803 explicare.
897 760 1020 801 reges
1051 745 1233 786 Attalici
1262 746 1430 800 magnis
1462 744 1719 801 philologiae

200 815 502 858 dulcedinibus
523 815 690 856 inducti
720 829 816 855 cum
847 815 1067 869 egregiam
1096 812 1404 854 bibliothecam
1434 813 1635 867 Pergami
1664 812 1720 853 ad

200 898 466 925 communem
489 882 818 923 delectationem
850 882 1159 935 instituissent,
1192 887 1295 922 tunc
1325 881 1428 922 item
1448 880 1719 922 Ptolomaeus

200 951 367 993 infinito
415 950 509 992 zelo
556 949 893 1006 cupiditatisque
930 950 1133 990 incitatus
1174 948 1316 990 studio
1354 963 1440 990 non
1477 948 1714 989 minoribus

199 1019 424 1060 industriis
462 1018 518 1058 ad
558 1017 739 1058 eundem
770 1016 944 1058 modum
976 1017 1254 1059 contenderat
1283 1015 1576 1057 Alexandriae
1607 1030 1718 1057 com-

201 1102 364 1144 parare.
425 1101 520 1126 cum
551 1092 692 1126 autem
725 1100 890 1126 summa
921 1084 1147 1139 diligentia
1178 1083 1453 1140 perfecisset,
1484 1098 1569 1124 non
1599 1089 1719 1139 puta—

202 1156 265 1196 vit
308 1154 352 1194 id
399 1154 503 1194 satis
537 1167 630 1193 esse
668 1153 753 1193 nisi
790 1152 1172 1208 propagationibus
1212 1151 1511 1192 inseminando
1550 1157 1717 1192 curaret

199 1220 454 1276 augendam.
493 1221 638 1276 itaque
660 1220 796 1260 Musis
820 1226 861 1261 et
882 1219 1078 1275 Apollini
1099 1219 1222 1261 ludos
1246 1218 1466 1259 dedicavit
1499 1225 1539 1260 et
1572 1233 1716 1274 quem-

136 1298 175 1327 15
200 1289 432 1329 admodum
468 1287 725 1329 athletarum
764 1288 826 1328 sic
865 1288 1152 1329 communium
1192 1287 1449 1343 scriptorum
1480 1285 1717 1327 victoribus

135 1973 153 2002 τί)

159 1973 177 2003 0¹

201 1357 390 1412 praemia
429 1362 469 1396 et
507 1355 689 1397 honores
729 1356 965 1396 constituit.
1040 1354 1105 1395 his
1145 1355 1206 1396 ita
1244 1355 1455 1395 institutis
1494 1368 1590 1394 cum
1627 1352 1718 1393 ludi

202 1424 428 1476 adessent,
474 1422 638 1463 iudices
670 1422 850 1464 litterati
889 1423 962 1479 qui
993 1438 1062 1464 eos
1100 1422 1334 1477 probarent
1373 1427 1493 1462 erant
1530 1421 1717 1475 legendi.

201 1506 279 1532 rex
323 1505 419 1530 cum
462 1491 547 1530 iam
593 1505 671 1530 sex
716 1490 906 1530 civitatis
952 1489 1085 1531 lectos
1131 1489 1355 1530 habuisset
1390 1503 1470 1529 nec
1506 1495 1595 1529 tam
1633 1489 1716 1529 cito

202 1564 445 1614 septumum
496 1558 698 1599 idoneum
736 1558 974 1609 inveniret,
1027 1557 1174 1598 retulit
1230 1557 1286 1597 ad
1340 1571 1410 1598 eos
1468 1557 1540 1612 qui
1590 1570 1718 1611 supra

201 1626 509 1667 bibliothecam
530 1625 703 1666 fuerunt
724 1631 765 1666 et
793 1625 976 1681 quaesiit
1007 1625 1044 1665 si
1075 1638 1201 1680 quem
1230 1625 1451 1665 novissent
1480 1624 1534 1664 ad
1567 1623 1612 1663 id
1644 1637 1715 1663 ex-

201 1694 409 1750 peditum.
470 1699 573 1733 tunc
604 1694 642 1733 ei
673 1693 877 1734 dixerunt
909 1707 1001 1733 esse
1032 1692 1246 1748 quendam
1275 1691 1612 1747 Aristophanen,
1645 1691 1718 1746 qui

203 1776 366 1802 summo
408 1759 548 1802 studio
587 1776 836 1817 summaque
874 1759 1099 1815 diligentia
1129 1759 1288 1801 cotidie
1319 1773 1464 1800 omnes
1496 1758 1630 1800 libros
1663 1772 1717 1798 ex

201 1829 351 1869 ordine
394 1828 648 1884 perlegeret.
724 1830 869 1884 itaque
908 1834 1121 1869 conventu
1158 1827 1357 1868 ludorum
1396 1842 1491 1867 cum
1529 1832 1718 1867 secretae

202 1896 324 1936 sedes
356 1895 571 1937 iudicibus
605 1903 747 1937 essent
776 1894 1054 1948 distributae,
1094 1910 1188 1936 cum
1221 1895 1374 1935 ceteris
1404 1894 1716 1950 Aristophanes

203 1964 358 2004 citatus
381 1962 740 2018 quemadmodum
761 1962 901 2002 fuerat
922 1961 1039 2003 locus
1063 1964 1102 2003 ei
1131 1963 1382 2016 designatus
1413 1962 1539 2003 sedit.
1580 1962 1716 2017 primo
1750 1969 1759 1977 '

203 2037 424 2087 poetarum
467 2030 617 2070 ordine
662 2030 715 2069 ad
762 2030 1041 2070 certationem
1085 2029 1261 2070 inducto
1300 2044 1395 2070 cum
1433 2029 1717 2069 recitarentur

296 2203 310 2232 1
338 2201 552 2242 scriptorum
580 2200 760 2230 nituntur:
787 2200 834 2231 sie
862 2200 938 2231 Gll.
964 2196 978 2241 Η
1000 2201 1019 2231 3
1046 2200 1133 2240 quia
1151 2200 1221 2230 ed.:
1250 2199 1309 2241 qui
1336 2199 1411 2230 GH.
1443 2196 1458 2241 ΙΙ
1488 2200 1509 2230 4
1534 2199 1641 2230 haec:
1667 2200 1715 2230 sie

207 2258 272 2289 (ill
305 2257 385 2299 (hec
414 2257 501 2294 GLI,
534 2257 603 2287 hae
629 2266 662 2294 e,
694 2255 739 2297 lug
764 2256 811 2293 h).
845 2253 859 2297 Η
892 2257 909 2286 7
936 2255 1055 2296 Reges
1085 2255 1112 2287 G
1137 2254 1240 2297 (c·⁶lz):
1279 2255 1391 2296 Regis
1423 2255 1459 2285 H
1486 2255 1546 2294 (Ll
1575 2259 1606 2286 et
1637 2258 1715 2286 ante

203 2325 292 2346 corr.
318 2314 362 2353 c).
395 2317 410 2355 Η
441 2311 595 2343 athalici
624 2312 660 2344 G.
689 2308 703 2353 Ι]
734 2312 754 2342 8
779 2311 1050 2352 bybliothecam
1079 2311 1216 2352 (—tecass1
1243 2310 1285 2351 L)
1314 2311 1348 2341 ll
1375 2309 1479 2350 (Lclz,
1504 2310 1715 2351 biblytheci

202 2373 240 2409 l),
268 2368 490 2401 bibliotheca
516 2369 553 2399 G.
587 2365 602 2409 Η
634 2369 652 2399 9
678 2370 764 2398 tunc
790 2368 894 2399 item:
921 2368 1071 2399 tueitem
1090 2368 1135 2400 H.
1164 2365 1178 2409 Η
1209 2367 1434 2408 ptholomeus
1463 2367 1490 2398 G
1516 2365 1572 2407 (l),
1599 2366 1715 2408 ptolo—

204 2436 303 2457 meus
329 2426 364 2456 Il
391 2422 482 2465 (Le).
513 2421 529 2466 H
562 2424 602 2455 10
628 2423 791 2454 incitatis
810 2424 845 2454 Il
872 2422 918 2463 (et
943 2428 1019 2455 unte
1044 2434 1135 2456 corr.
1152 2425 1171 2463 l,
1199 2423 1390 2454 incitatius
1416 2428 1492 2454 ante
1517 2433 1607 2454 corr.
1632 2420 1697 2464 c).l

207 2484 242 2512 11
274 2480 512 2513 contenderat
537 2481 572 2510 H
598 2478 723 2519 (Llccle,
751 2479 970 2511 contendeat
994 2485 1071 2511 ante
1096 2490 1186 2512 corr.
1213 2478 1264 2518 c):
1297 2478 1534 2510 contenderet
1562 2479 1597 2510 G.
1626 2476 1640 2520 Η
1674 2481 1714 2510 13

205 2538 293 2569 ratis
318 2536 396 2578 (pro
421 2534 525 2576 satis)
555 2536 590 2567 G.
623 2532 639 2577 H
670 2535 919 2567 inseminando
948 2535 1026 2575 (non
1051 2536 1088 2566 in
1105 2535 1330 2575 seminando)
1351 2535 1443 2566 Mar.
1474 2532 1489 2576 Η
1523 2536 1563 2566 14
1582 2544 1716 2576 augen-

206 2594 287 2624 dum
317 2594 367 2625 cle.
401 2590 460 2634 [f].
491 2589 506 2633 Η
539 2590 700 2633 apolloni
734 2591 770 2622 G.
804 2588 819 2634 ll
853 2593 891 2623 15
923 2593 976 2623 sie
1008 2592 1176 2624 comunn‘l
1204 2592 1230 2622 G
1260 2590 1337 2631 (L),
1374 2587 1647 2622 sicommuniui'n
1680 2591 1716 2621 H

208 2651 297 2689 (sies)
330 2648 487 2680 munium
516 2649 540 2685 I,
573 2647 625 2678 sie
657 2648 812 2678 omnium
843 2647 909 2689 cli).
941 2646 955 2690 Η
996 2650 1035 2679 16
1067 2647 1142 2678 iudi
1173 2651 1249 2678 [mle
1281 2657 1370 2679 corr.
1403 2646 1507 2687 (ludi)
1537 2647 1572 2677 G.
1606 2643 1620 2686 ΙΙ
1654 2656 1713 2677 eos

208 2706 316 2737 Alma:
346 2716 388 2737 ea
416 2705 493 2737 GH.
525 2702 539 2747 Η
573 2705 611 2735 18
637 2703 707 2734 iam
734 2713 796 2734 sex
823 2704 983 2735 civitatis
1008 2704 1058 2734 lac:
1093 2703 1164 2734 iam
1196 2713 1238 2733 ex
1272 2703 1434 2734 civitatis
1470 2703 1505 2733 H
1529 2702 1612 2741 (leh,
1642 2702 1711 2732 iam

209 2762 370 2793 elvitatis
395 2761 454 2802 L),
482 2761 554 2792 iam
574 2759 832 2791 excivitatibus
853 2760 887 2790 G.
913 2757 928 2800 Η
954 2761 993 2792 19
1018 2762 1218 2800 septumum
1238 2759 1282 2795 ll,
1311 2759 1474 2799 septymfi
1496 2758 1522 2789 G
1540 2756 1710 2798 (septiinfi

212 2817 296 2857 lde).
329 2815 342 2859 Η
375 2816 511 2848 r&ullit
535 2817 581 2847 II.
613 2813 627 2857 Η
658 2817 700 2847 20
725 2814 995 2855 bybliothecam
1023 2814 1163 2856 (—te05
1190 2814 1231 2854 L)
1260 2815 1327 2845 GH
1351 2813 1712 2854 (Lelz,biblytheca111

208 2879 284 2903 aute
309 2884 398 2906 corr.
423 2876 443 2912 l,
471 2871 739 2912 biblyothccam
764 2870 816 2911 lc).
849 2868 863 2911 Η
901 2871 1047 2902 fuerunt
1072 2870 1164 2911 (——ft
1192 2869 1249 2911 G):
1286 2871 1335 2901 sic
1362 2859 1436 2900 Gll.
1469 2866 1483 2911 Η
1515 2871 1554 2900 21
1583 2869 1712 2900 aristo-

208 2928 353 2969 phanen
379 2929 414 2958 ll
439 2928 542 2969 (Llc),
569 2930 655 2959 ——nc
683 2928 719 2959 G.
752 2925 767 2968 Η
798 2928 839 2958 23
864 2928 987 2968 itaque
1015 2930 1212 2959 conventu:
1236 2927 1285 2958 sie
1312 2926 1387 2957 Gll.
1420 2924 1434 2966 {l
1466 2924 1638 2966 sSm‘ejtac
1663 2925 1710 2956 H.
