1899 3322
566 220 627 249 DE
659 219 1012 249 ARCHITECTURA
1045 221 1135 250 LIB.
1169 221 1266 250 vm.
1591 210 1672 251 189

161 326 202 362 et
223 319 472 361 fluminibus
495 326 536 361 et
557 319 788 376 paludibus
820 326 860 360 et
882 320 1034 376 pelago
1056 336 1152 361 011111
1173 327 1320 378 tepore
1342 322 1443 362 solis
1465 320 1671 376 colligun-

158 395 229 429 tur
268 393 309 428 et
349 387 661 429 exhauriuntur
699 394 740 428 et
779 388 838 428 ita
878 387 1086 428 tolluntur
1123 390 1168 429 in
1208 388 1482 430 altitudinem
1519 389 1671 442 nubes,

160 454 315 495 deinde
346 462 434 496 tum
466 456 577 496 aeris
608 454 725 495 unda
754 455 962 508 nitentes,
995 469 1091 495 eum
1121 462 1375 510 perventum
1405 457 1461 497 ad
1490 463 1670 508 montes,

157 522 212 563 ab
244 537 389 563 eorum
421 522 579 563 offensa
612 528 653 563 et
683 521 883 578 procellis
914 528 1090 578 propter
1120 522 1369 578 plenitatem
1402 530 1443 564 et
1480 524 1670 578 gravita-

157 596 244 630 tem
276 589 552 645 liquescendo
584 589 891 645 disparguntur
920 596 963 630 et
1000 589 1061 630 ita
1101 588 1402 631 diffunduntur
1441 591 1486 631 in
1521 597 1672 632 terras.

270 657 486 712 Vaporem
524 663 667 697 autem
719 663 760 697 et
798 655 976 697 nebulas
1016 665 1057 697 et
1100 671 1270 697 umores
1310 672 1364 697 ex
1401 664 1516 698 terra
1553 659 1673 698 nasci

157 723 263 764 haec
302 723 475 764 videtur
511 723 681 764 efficere
712 724 843 777 ratio,
882 723 995 779 quod
1035 738 1084 764 ea
1122 723 1253 764 habet
1290 725 1334 765 in
1365 739 1408 765 se
1440 731 1479 765 et
1512 725 1672 765 calores

158 790 349 831 fervidos
382 797 423 831 et
463 791 638 846 spiritus
678 792 871 831 inmanes
910 790 1346 846 refrigerationesque
1384 798 1425 832 et
1464 806 1671 847 aquarum

156 872 355 912 magnam
393 857 728 899 multitudinem.
798 872 852 898 ex
891 872 940 899 00
978 872 1074 898 011111
1112 858 1413 913 refrigeratum
1450 866 1579 899 noctu
1610 858 1672 899 sol

156 926 298 966 oriens
330 926 493 981 impetu
524 925 665 979 tangit
697 925 843 966 orbem
873 931 1012 966 terrae
1044 932 1085 966 et
1116 933 1341 967 ventorum
1372 926 1497 966 flatus
1530 926 1670 966 oriun-

156 992 234 1034 dos
266 1007 341 1048 per
371 991 594 1045 tenebras,
625 991 680 1033 ab
707 992 865 1033 umidis
897 991 1002 1033 locis
1025 993 1302 1047 egrediuntur
1333 994 1376 1033 in
1396 992 1671 1034 altitudinem

156 1060 305 1100 nubes.
373 1073 447 1099 aer
484 1066 627 1100 autem
666 1059 779 1115 quod
816 1074 841 1099 a
879 1058 966 1100 sole
1004 1060 1314 1115 percalefactus
1352 1060 1671 1102 versationibus

155 1127 268 1168 tollit
306 1141 360 1168 ex
398 1133 513 1183 terra
542 1140 734 1180 umores,
774 1126 874 1167 licet
912 1141 966 1167 ex
997 1127 1184 1168 balineis
1223 1127 1467 1183 exemplum
1505 1142 1669 1183 capere.

154 1193 294 1235 nullos
327 1194 440 1234 enim
472 1208 666 1234 camerae
697 1208 804 1249 quae
827 1200 926 1235 sunt
957 1194 1243 1237 caldariorum
1266 1210 1394 1251 supra
1417 1210 1461 1236 se
1491 1201 1671 1251 possunt

155 1262 312 1302 habere
349 1261 513 1314 fontes,
562 1261 637 1301 sed
676 1261 840 1302 eaelum
872 1261 986 1316 quod
1025 1269 1089 1303 est
1125 1262 1188 1302 ibi
1226 1276 1280 1303 ex
1317 1262 1578 1318 praefurniis
1615 1262 1669 1302 ab

155 1330 272 1384 ignis
303 1343 463 1385 vapore
493 1327 827 1384 percalefactum
860 1330 1036 1385 corripit
1068 1344 1121 1370 ex
1152 1330 1412 1385 pavimentis
1443 1344 1597 1385 aquam
1630 1336 1670 1370 et

154 1397 295 1438 aufert
326 1410 470 1437 seeum
501 1397 545 1436 in
567 1410 832 1437 camerarum
855 1403 1105 1438 curvaturas
1137 1403 1176 1437 et
1209 1398 1405 1450 sustinet,
1437 1396 1535 1437 ideo
1557 1396 1670 1452 quod

154 1478 322 1520 semper
352 1478 487 1519 vapor
517 1462 681 1504 calidus
712 1464 757 1503 in
786 1462 1058 1504 altitudinem
1081 1478 1126 1504 se
1155 1463 1306 1505 trudit.
1357 1471 1397 1505 et
1428 1465 1564 1519 primo
1585 1479 1670 1504 non

155 1532 337 1572 remittit
368 1537 543 1586 propter
572 1530 852 1584 brevitatem,
892 1530 1019 1572 simul
1049 1538 1192 1572 autem
1223 1530 1319 1586 plus
1350 1532 1509 1572 umoris
1540 1531 1668 1572 habet

155 1605 419 1654 congestum,
450 1613 536 1639 non
566 1604 707 1654 potest
729 1599 941 1638 sustinere
972 1606 1146 1654 propter
1166 1600 1438 1653 gravitatem,
1472 1598 1546 1639 sed
1579 1598 1668 1639 stil-

154 1666 214 1707 lat
244 1681 373 1722 supra
403 1665 643 1705 lavantium
674 1666 828 1721 capita.
887 1666 990 1705 item
1013 1665 1160 1706 eadem
1190 1667 1355 1706 ratione
1377 1665 1574 1706 caelestis
1596 1680 1670 1706 aer

155 1748 252 1774 cum
284 1733 338 1774 ab
377 1731 465 1774 sole
503 1733 687 1788 percipit
725 1731 928 1786 calorem,
970 1747 1024 1774 ex
1056 1733 1252 1774 omnibus
1290 1733 1394 1774 loeis
1432 1733 1667 1773 hauriendo

154 1800 268 1842 tollit
298 1814 468 1841 umores
490 1806 531 1840 et
562 1806 796 1855 congregat
825 1800 881 1840 ad
911 1800 1061 1841 nubes.
1121 1801 1181 1840 ita
1213 1801 1326 1841 enim
1355 1807 1470 1842 terra
1499 1801 1668 1841 fervore

245 2007 259 2036 1
289 2009 325 2037 et
350 2005 557 2036 fluminibus
582 2005 653 2038 ed.:
680 2014 721 2035 ex
746 2004 952 2036 fluminibus
978 2004 1090 2037 EGll.
1115 2002 1130 2048 Η
1153 2002 1262 2045 (0)11111
1290 2005 1322 2035 E
1348 2005 1416 2045 (ubi
1434 2017 1452 2037 0
1476 2006 1509 2037 in
1534 2005 1629 2045 ras).
1651 2006 1653 2008 ’

153 2065 291 2103 taepore
311 2061 359 2092 E:
385 2063 548 2102 tempore
569 2060 636 2091 GH
660 2058 719 2100 (LI
734 2064 766 2092 et
789 2065 866 2091 unte
891 2072 981 2093 corr.
1001 2072 1029 2097 0,
1057 2064 1183 2103 tepore
1201 2061 1282 2102 eelz).
1307 2059 1322 2104 Η
1345 2061 1522 2103 colligunt
1547 2065 1583 2093 et
1609 2072 1667 2093 ex—

153 2118 324 2149 hauriunt
341 2116 548 2157 (exauriunt
565 2116 619 2157 H)
641 2119 676 2147 et
701 2117 754 2147 ita
779 2116 911 2149 tollunt
938 2116 1199 2159 EGH(passz‘mc
1223 2119 1368 2149 restituit
1392 2118 1495 2157 ιΙοίκ).
1519 2115 1533 2160 Η
1555 2120 1574 2149 3
1593 2120 1666 2149 tum

153 2184 233 2215 eyo:
252 2183 330 2205 cum
350 2173 461 2206 EGH.
486 2169 501 2214 Η
523 2182 601 2203 cum
619 2176 849 2213 perventum:
867 2174 916 2204 sic·
934 2173 1044 2204 EGH.
1074 2171 1089 2216 Η
1109 2175 1130 2204 -1
1147 2173 1327 2215 procellas
1344 2179 1421 2205 ante
1435 2184 1524 2205 corr.
1538 2174 1586 2206 Ji.
1610 2171 1624 2216 Η
1648 2176 1667 2205 5

154 2230 412 2271 disperguntur
429 2229 502 2260 ed.:
529 2228 743 2269 dispargunt
762 2228 865 2260 EGII
880 2228 1108 2270 (dispergunt
1127 2229 1172 2261 Gc
1184 2235 1217 2260 et
1233 2240 1301 2260 eum
1319 2240 1507 2270 7·11s..s·upra
1524 2234 1538 2260 t
1559 2229 1630 2269 Ec).
1649 2228 1652 2271 Ι

155 2284 404 2316 diffunduntur
427 2284 521 2316 -loc.:
549 2283 762 2315 diffunditur
788 2284 898 2314 EGII.
930 2282 944 2326 Η
975 2286 994 2315 7
1021 2285 1058 2316 111
1083 2295 1121 2317 se
1141 2285 1278 2318 calores
1303 2286 1381 2325 (om.
1401 2285 1449 2325 et)
1476 2285 1507 2315 E
1532 2290 1564 2316 et
1588 2291 1666 2316 ante

153 2351 243 2373 corr.
271 2340 310 2372 G.
343 2338 358 2382 Η
392 2341 433 2372 10
458 2339 627 2371 oriundos
652 2350 729 2380 eqo:
756 2339 926 2371 oriundus
952 2340 999 2378 E,
1026 2341 1190 2372 oriuntur
1218 2342 1251 2372 ll
1276 2346 1308 2372 ec
1334 2339 1442 2381 (-t‘-‘)
1471 2340 1498 2371 G
1525 2340 1650 2381 (Ll‹·).1

156 2398 194 2427 11
221 2396 393 2427 tenebras
419 2395 482 2427 ab:
507 2396 557 2427 sic
582 2395 694 2428 EGII.
723 2393 738 2438 Η
772 2397 811 2426 12
837 2395 951 2427 nubes
976 2397 1012 2427 H
1038 2396 1148 2438 (Llc):
1182 2397 1287 2429 nubis
1320 2397 1394 2428 Eli.
1428 2394 1442 2438 Η
1480 2396 1573 2437 quod
1603 2408 1664 2437 eye

156 2452 308 2493 (iungens
330 2451 576 2493 sequentibus):
615 2462 695 2483 cum
720 2451 832 2484 EGII.
873 2449 887 2493 Η
924 2451 1196 2493 percalefactus
1227 2453 1259 2483 E
1290 2452 1363 2492 (LI,
1397 2452 1663 2494 percalefectus

154 2508 223 2548 em:
250 2507 542 2549 percalcefactus
570 2507 647 2540 GH.
681 2505 696 2549 Η
724 2507 992 2539 versationibus
1018 2519 1096 2550 890:
1122 2508 1407 2540 cumrationibus
1432 2508 1542 2541 Erill.
1575 2504 1590 2549 Η
1625 2509 1663 2539 13

155 2563 253 2595 tollit
279 2573 322 2594 ex
347 2565 462 2594 terra:
487 2565 536 2595 sic
561 2563 674 2596 EGll.
705 2561 721 2606 Η
753 2563 909 2595 balineis
942 2564 1044 2595 EGll
1074 2563 1114 2604 (l,
1146 2565 1289 2596 balneis
1317 2563 1440 2605 aelf).
1473 2562 1487 2605 Η
1522 2565 1560 2594 14
1586 2564 1662 2594 nul-

154 2619 208 2651 los
232 2630 312 2660 eyo:
338 2618 469 2650 Nullae
497 2618 589 2661 (—l‘}
614 2619 691 2661 EG)
719 2619 830 2653 EGII,
861 2616 875 2661 Η
911 2619 951 2651 15
977 2621 1029 2651 ibi
1053 2622 1126 2653 ed.:
1151 2621 1213 2652 ubi
1242 2621 1350 2651 mill.
1379 2617 1393 2661 Η
1427 2621 1466 2650 16
1492 2618 1661 2660 percalce

156 2676 294 2707 factum
320 2679 397 2707 ante
421 2686 511 2707 corr.
541 2676 568 2706 G
593 2674 673 2714 (non
699 2675 801 2716 Ell).
823 2672 838 2717 Η
866 2677 904 2706 17
931 2685 1156 2708 camararum
1182 2677 1283 2707 EGH
1308 2676 1383 2716 (sed
1404 2686 1508 2715 supra
1535 2677 1577 2705 Η
1602 2686 1661 2706 ea-

156 2730 304 2771 merae).
334 2728 349 2772 Η
384 2732 423 2763 18
448 2741 562 2772 pavor
585 2731 628 2761 E.
658 2729 673 2774 Η
707 2731 862 2763 callidus
880 2736 957 2763 ante
974 2742 1043 2763 ras.
1062 2732 1106 2763 E.
1138 2730 1152 2775 Η
1186 2734 1225 2763 19
1245 2731 1411 2763 remittit:
1436 2732 1484 2761 siz·
1510 2730 1619 2764 EGH,
1653 2731 1658 2774 Ι

154 2787 198 2817 20
222 2787 420 2818 sustinere:
444 2789 493 2818 sic
511 2787 622 2819 EGH.
646 2785 661 2829 Η
683 2789 722 2818 21
743 2798 834 2828 supa
858 2791 935 2819 auce
959 2798 1047 2819 corr.
1068 2788 1114 2821 Il.
1139 2786 1154 2830 Η
1182 2788 1269 2818 item
1300 2788 1371 2820 eds
1404 2787 1495 2818 idem
1515 2786 1624 2817 Erill.
1642 2787 1658 2829 Η

155 2843 197 2873 22
224 2842 348 2874 absole
375 2843 476 2874 EGH
507 2843 569 2881 (L,
597 2842 764 2875 absolute
790 2846 800 2874 Ι
824 2848 856 2875 el
878 2844 930 2881 lac,
957 2843 1122 2886 obsolute
1148 2855 1166 2875 c
1190 2849 1222 2874 et
1247 2848 1323 2874 (mle
1341 2854 1431 2874 eurr.
1458 2843 1505 2881 lz).
1537 2840 1553 2887 Η
1584 2852 1660 2886 pet·—

156 2898 246 2944 cipit
270 2897 333 2930 EG
358 2897 433 2942 (lc):
460 2899 625 2945 percepit
650 2899 688 2932 ΙΙ
710 2898 830 2942 (GGL).
863 2897 879 2943 Η
909 2900 951 2934 ‘23
977 2902 1199 2945 congregata
1223 2904 1300 2932 ante
1325 2909 1394 2936 ras,
1422 2899 1460 2935 G.

1021 3032 1034 3047 ³-

1703 939 1739 967 lo

1700 1276 1737 1303 15

1695 1611 1736 1639 20
