1899 3322
94 1332 131 1361 10

588 194 649 224 DE
681 193 1035 224 Ancffl'rssc'runA
1068 193 1244 223 Llssnix.
1593 181 1676 222 215

156 301 212 343 ad
243 301 375 342 imum
397 298 702 340 libramentum
724 295 866 336 divisa
889 295 1020 336 fuerit
1049 295 1093 335 in
1123 301 1266 352 partes
1288 302 1395 349 tres,
1429 295 1507 336 erit
1531 309 1676 335 earum

158 369 348 426 quinque
378 368 424 408 in
455 365 582 408 scalis
615 378 842 421 scaporum
878 363 992 404 iusta
1028 361 1298 417 longitudine
1329 363 1572 413 inclinatio,
1612 362 1677 402 uti

158 451 284 493 quam
323 448 506 490 magnae
543 432 704 474 fuerint
741 432 854 472 inter
891 430 1259 484 contignationem
1297 437 1337 472 et
1375 432 1509 471 imum
1546 429 1674 470 libra-

156 510 348 546 mentum
376 500 618 544 altitudinis
649 505 792 557 partes
823 505 925 551 tres,
958 503 1159 554 quattuor
1178 512 1202 537 a
1233 497 1539 554 perpendiculo
1560 511 1674 538 rece-

157 573 263 614 dant
302 578 345 612 et
381 570 444 612 ibi
483 568 757 611 conlocentur
793 566 1020 608 inferiores
1061 563 1199 605 calces
1240 580 1481 622 scaporum.
1549 566 1609 606 ita
1640 565 1673 605 si
1701 575 1720 605 5

155 646 301 693 erunt,
340 643 605 695 temperatae
635 642 677 677 et
721 634 936 690 graduum
968 639 1009 674 et
1050 633 1240 688 ipsarum
1309 633 1519 675 scalarum
1551 639 1674 674 erunt

157 707 486 749 conlocationes.
546 706 649 746 item
681 703 772 744 eius
803 703 866 744 rei
897 702 978 743 erit
1009 701 1255 756 subscripta
1284 699 1435 742 forma.

267 772 542 816 Archimedis
582 786 684 813 vero
722 785 819 812 cum
856 768 993 810 multa
1030 767 1227 809 miranda
1265 769 1443 809 inventa
1474 775 1515 809 et
1552 769 1672 808 varia
1690 778 1745 809 ΙΙΙ

156 843 332 895 fuerint,
367 856 422 882 ex
452 840 650 882 omnibus
672 840 801 881 etiam
831 837 998 879 infinita
1021 835 1212 878 sollertia
1241 835 1287 876 id
1318 836 1432 892 quod
1464 850 1675 892 exponam

156 910 330 952 videtur
351 924 444 950 esse
466 923 731 965 expressum.
770 907 973 947 nimirum
990 904 1124 946 Hiero
1147 905 1260 946 enim
1278 903 1504 961 Syracusis
1526 909 1675 944 auctus
1705 914 1744 944 lo

157 979 276 1033 regia
307 983 534 1034 potestate,
566 975 693 1017 rebus
725 974 835 1015 bene
865 974 1000 1029 gestis
1033 987 1130 1013 cum
1149 986 1324 1013 auream
1345 985 1545 1013 coronam
1566 971 1674 1012 voti-

159 1061 256 1087 vam
279 1045 362 1087 diis
384 1043 683 1087 inmortalibus
707 1043 751 1083 in
774 1040 958 1098 quodam
980 1040 1080 1082 fano
1103 1038 1395 1081 constituisset
1417 1038 1675 1096 ponendam,

157 1115 428 1170 manupretio
459 1112 619 1154 locavit
650 1109 895 1151 faciendam
927 1114 969 1149 et
999 1123 1152 1149 aurum
1181 1106 1238 1147 ad
1268 1121 1438 1148 sacoma
1467 1105 1676 1162 appendit.

156 1182 433 1239 redemptori.
494 1181 529 1221 is
562 1179 617 1220 ad
650 1185 817 1234 tempus
849 1191 954 1233 opus
987 1191 1115 1216 manu
1146 1174 1305 1216 factum
1337 1173 1555 1216 subtiliter
1584 1174 1676 1228 regi

156 1250 416 1307 adprobavit
451 1254 491 1290 et
527 1247 582 1288 ad
613 1261 783 1288 sacoma
820 1244 987 1302 pondus
1025 1257 1205 1285 coronae
1236 1244 1354 1284 visus
1395 1248 1459 1283 est
1494 1241 1674 1297 praesti·
1703 1251 1742 1282 15

158 1320 275 1360 tisse.
334 1323 617 1374 posteaquam
644 1313 855 1355 indicium
889 1319 953 1353 est
981 1308 1145 1352 factum
1166 1311 1340 1368 dempto
1369 1324 1471 1352 auro
1502 1315 1674 1350 tantun-

157 1385 256 1427 dem
293 1385 463 1440 argenti
500 1384 545 1426 in
584 1381 630 1423 id
669 1381 938 1424 coronarium
977 1395 1082 1436 opus
1121 1378 1365 1420 admixtum
1403 1392 1515 1429 esse,
1563 1376 1673 1417 indi-

156 1460 312 1509 gnatus
335 1452 470 1494 Hiero
492 1465 538 1491 se
560 1455 853 1506 contemptum
876 1462 968 1489 esse
989 1462 1128 1503 neque
1157 1446 1383 1487 inveniens
1406 1460 1490 1501 qua
1510 1445 1675 1486 ratione

156 1522 202 1563 id
254 1521 416 1562 furtum
465 1516 822 1575 reprehenderet,
872 1515 1043 1569 rogavit
1096 1512 1391 1555 Archimeden
1442 1513 1506 1553 uti
1555 1512 1600 1552 in
1630 1526 1675 1552 se

158 1594 344 1631 sumeret
373 1587 460 1629 sibi
499 1586 552 1627 de
585 1599 632 1626 eo
665 1584 985 1640 cogitationem.
1047 1589 1148 1623 tunc
1180 1582 1217 1622 is
1250 1596 1346 1622 cum
1376 1579 1552 1621 haberet
1583 1579 1674 1619 eius
1702 1589 1743 1618 ‘20

158 1658 220 1698 rei
259 1670 426 1709 curam,
467 1669 569 1695 casu
608 1653 727 1694 venit
771 1653 815 1692 in
853 1650 1071 1692 balineum
1117 1649 1266 1705 ibique
1304 1663 1400 1689 cum
1438 1648 1482 1688 in
1520 1645 1673 1688 solium

159 1723 460 1775 descenderet,
499 1719 807 1762 animadvertit
846 1724 1052 1774 quantuni
1093 1717 1283 1772 corporis
1315 1717 1381 1757 sui
1420 1715 1464 1756 111
1495 1729 1542 1754 eo
1573 1713 1675 1754 insi-

159 1792 280 1833 deret
318 1796 485 1832 tantum
523 1801 659 1843 aquae
691 1793 813 1827 extra
845 1785 999 1826 solium
1030 1785 1220 1825 effluere.
1288 1782 1417 1839 idque
1456 1797 1552 1822 cum
1584 1781 1674 1821 eius

159 1861 221 1901 rei
257 1860 465 1900 rationem
499 1855 800 1913 explicationis
839 1853 1119 1905 ostendisset,
1161 1867 1244 1894 non
1275 1857 1339 1892 est
1378 1856 1567 1891 moratus
1599 1847 1674 1888 sed

159 1926 334 1968 exsiluit
379 1924 538 1981 gaudio
586 1929 724 1964 motus
775 1922 828 1962 dc
878 1920 983 1962 solio
1028 1926 1070 1961 ct
1111 1919 1251 1960 nudus
1295 1918 1456 1958 vadens
1503 1917 1675 1958 domum
1701 1926 1743 1957 25

248 2112 268 2142 2
295 2110 450 2151 quinque
476 2108 512 2139 H
538 2105 646 2148 (Llc).·
675 2105 725 2136 -V·
751 2105 826 2138 EG.
858 2102 872 2146 Η
904 2105 1001 2136 iusta
1026 2101 1254 2145 longitudine
1280 2102 1316 2132 H
1334 2099 1447 2141 (Llc):
1473 2100 1575 2130 iuxta
1599 2099 1677 2130 lon-

160 2167 359 2208 gitudinem
387 2165 488 2205 (·—n('³
516 2164 557 2204 G)
583 2163 657 2195 EG.
690 2159 705 2205 Η
735 2160 930 2193 inclinatio
957 2170 1064 2200 quam
1092 2158 1174 2200 (qua
1202 2158 1243 2197 G)
1278 2157 1342 2188 Gll
1370 2156 1516 2195 (inser-ni
1545 2154 1628 2195 uti).
1659 2176 1660 2181 ,

159 2225 246 2255 ⁵2—3
272 2221 459 2254 inclinatio
479 2236 519 2241 -
539 2219 850 2261 contignationem
874 2227 935 2250 om.
962 2216 1004 2247 E.
1026 2213 1041 2259 Η
1064 2217 1084 2247 4
1109 2217 1183 2246 tres
1210 2216 1381 2254 quattuor
1406 2212 1458 2243 Il:
1486 2211 1563 2245 .111.
1591 2210 1674 2242 1111.

162 2279 234 2312 EG.
269 2276 283 2320 Η
316 2280 336 2310 5
361 2277 553 2309 inferiores
581 2276 672 2307 Gal.:
699 2274 892 2306 interiores
918 2272 1031 2306 EGH.
1064 2270 1079 2315 Η
1111 2272 1164 2302 ita
1190 2270 1242 2301 sic
1275 2267 1319 2309 (si
1346 2270 1422 2309 esso)
1455 2270 1561 2300 erunt
1585 2269 1674 2299 tem-

160 2338 308 2378 peratae
327 2334 357 2365 ἃ
377 2334 474 2374 (—-te
492 2335 543 2366 vel
559 2336 660 2375 -te.
680 2331 709 2362 &
726 2330 803 2369 EG)
823 2329 999 2372 graduum
1019 2327 1072 2369 (et
1089 2328 1168 2360 add.
1184 2326 1299 2365 Pont.)
1318 2326 1474 2367 ipsarum
1493 2323 1675 2355 scalarum

163 2394 268 2424 crunt
300 2389 459 2431 con(col-
475 2388 764 2431 EG)locationcs
797 2386 907 2418 EGH.
929 2382 946 2428 Η
968 2387 987 2417 9
1014 2385 1049 2416 id
1072 2383 1184 2426 quod:
1211 2383 1318 2423 idque
1340 2381 1380 2415 E.
1404 2378 1418 2423 Η
1442 2382 1482 2412 10
1507 2380 1674 2410 nimirum

162 2449 272 2480 Hiero
291 2458 369 2489 eyo:
395 2446 544 2478 nimium
569 2448 626 2477 est
650 2444 719 2484 (est
744 2444 809 2475 del.
835 2441 917 2482 σὼ).
950 2442 1047 2473 hiero
1065 2440 1177 2472 EGII.
1201 2437 1216 2482 Η
1240 2438 1309 2480 syn
1328 2437 1535 2478 E)1·acussis
1554 2435 1627 2467 EG.
1658 2432 1671 2477 1

165 2506 205 2537 13
222 2513 332 2535 manu
348 2502 420 2545 ptio
441 2503 506 2534 GH
525 2500 647 2542 (manu
666 2500 815 2542 praecio
834 2499 886 2534 LI,
913 2498 1035 2540 precio
1053 2497 1102 2534 elz,
1128 2495 1240 2527 imani
1266 2505 1298 2535 p.
1318 2501 1362 2530 00,
1389 2491 1535 2523 immani
1560 2502 1592 2532 p.
1611 2490 1674 2532 lic),

163 2570 307 2592 manum
344 2559 458 2601 pretio
495 2559 538 2590 Ε.
575 2555 589 2600 Η
626 2558 768 2589 sacoma-1
804 2554 916 2586 EGII.
955 2551 970 2596 Η
1009 2555 1049 2585 11
1084 2550 1387 2592 redemptori.is:
1426 2547 1677 2589 redcxnptoriis

163 2616 276 2648 ΕΘΗ.
307 2613 322 2657 Η
356 2616 397 2646 15
423 2615 569 2646 sacoma
595 2613 666 2649 EG,
694 2622 831 2643 ——main
859 2611 893 2641 ΙΙ
918 2609 1022 2650 (Alc),
1046 2607 1063 2652 Η
1086 2611 1126 2641 19
1153 2608 1285 2639 furtum
1314 2607 1347 2636 ll
1365 2603 1522 2644 (Νι-[Λὼτ
1551 2604 1675 2635 futuri]

164 2673 195 2703 Ε
220 2677 254 2704 ec
277 2677 355 2703 ante
380 2682 470 2703 corr.
499 2671 536 2703 G.
560 2668 575 2712 Η
597 2667 843 2701 archimcdcn:
869 2668 918 2698 sic
943 2666 1056 2698 EGII.
1087 2663 1101 2708 Η
1128 2666 1170 2696 20
1196 2664 1243 2694 is:
1277 2662 1332 2693 his
1358 2661 1469 2691 Elu'll.
1498 2657 1512 2700 Η
1544 2660 1584 2690 21
1610 2659 1676 2690 ba-

163 2728 296 2761 lineum
323 2728 360 2759 Jl
385 2726 460 2765 (ωε
489 2726 659 2758 balneum
687 2725 748 2756 EG
773 2723 844 2764 (lc).
875 2720 890 2764 Η
921 2724 963 2754 22
989 2724 1162 2763 quantum
1180 2718 1379 2760 incorporis
1407 2716 1505 2747 EGll
1531 2713 1583 2755 (in
1608 2716 1671 2746 del.

165 2784 246 2826 ed).
279 2782 293 2826 Η
321 2786 364 2817 23
390 2783 497 2824 idque
523 2793 599 2824 eqo:
638 2782 763 2821 itaque
792 2779 902 2812 Elill.
935 2777 950 2820 Η
982 2779 1059 2810 eius
1091 2778 1143 2809 rei
1168 2777 1204 2807 Il
1231 2774 1385 2814 (G0l2le>:
1425 2773 1502 2803 cius
1534 2771 1566 2802 ci
1597 2775 1674 2802 ante

165 2852 254 2873 corr.
284 2842 320 2878 G,
348 2841 381 2872 ei
408 2841 485 2871 eius
511 2839 557 2870 E.
588 2836 603 2879 Η
634 2838 676 2868 24
701 2835 939 2868 ostendisset:
977 2836 1025 2866 sic
1050 2834 1160 2866 EGll.
1194 2830 1207 2873 Η
1240 2832 1281 2862 -25
1307 2828 1453 2861 exsiluit
1479 2828 1521 2864 G,
1549 2827 1675 2858 exiluit

167 2898 201 2928 ll
227 2895 330 2937 (ch),
355 2896 498 2928 exilivit
522 2895 553 2926 E
579 2893 658 2935 (ρκ’).
