1909 3322
186 932 227 963 10

185 1270 225 1300 15

258 205 310 242 10
906 212 1113 242 vrrRuvn

255 315 494 370 ceterisque
539 313 736 354 omnibus
786 312 994 355 doctrinis
1035 314 1194 356 multae
1240 330 1308 357 res
1358 316 1427 356 vel
1468 332 1613 357 omnes
1663 333 1773 359 com—

254 398 404 424 munes
447 388 546 423 sunt
590 380 815 422 dumtaxat
862 381 916 422 ad
962 383 1282 439 disputandum.
1351 398 1526 440 operum
1567 399 1670 426 vero
1710 386 1773 426 in-

253 466 448 505 gressus,
489 450 562 505 qui
604 464 732 491 manu
770 465 820 490 ac
856 451 1186 492 tractationibus
1225 451 1281 491 ad
1321 451 1579 507 elegantiam
1618 452 1772 508 perdu-

254 524 422 570 cuntur,
454 518 648 574 ipsorum
679 524 778 560 sunt
809 519 883 575 qui
913 519 1086 575 proprie
1116 534 1200 560 una
1220 525 1312 561 arte
1333 519 1389 560 ad
1412 519 1657 562 faciendum
1679 528 1778 563 sunt

254 586 456 627 instituti.
518 600 619 641 ergo
658 587 763 627 satis
802 585 975 627 abunde
1005 586 1180 628 videtur
1209 586 1367 628 fecisse
1405 588 1478 643 qui
1510 603 1564 629 ex
1595 588 1777 644 singulis

253 653 461 694 doctrinis
501 659 642 710 partes
683 660 725 695 et
763 655 951 695 rationes
992 669 1137 696 earum
1174 655 1450 696 mediocriter
1487 655 1617 698 habet
1653 663 1776 699 notas

253 736 323 762 eas
356 728 463 778 quae
494 722 764 763 necessariae
804 728 902 763 sunt
939 722 994 763 ad
1033 722 1385 776 architecturam,
1423 724 1487 765 uti
1519 725 1555 765 si
1587 725 1691 780 quid
1723 726 1776 766 de

251 789 318 831 his
350 789 479 831 rebus
513 795 554 830 et
584 789 750 831 artibus
788 789 980 830 iudicare
1019 795 1060 831 et
1098 790 1280 846 probare
1319 806 1425 848 opus
1457 791 1588 833 fuerit
1618 808 1671 833 ne
1703 793 1773 835 de-

254 857 434 898 ficiatur.
463 864 467 865 ⁷
496 857 652 913 quibus
683 872 785 899 vero
815 864 969 899 natura
999 864 1166 899 tantum
1194 859 1347 900 tribuit
1376 858 1593 901 sollertiae
1617 863 1775 902 acumi-

252 925 319 966 nis
357 925 589 965 memoriae
633 931 680 966 ut
725 926 894 982 possint
935 928 1217 981 geometriam
1262 926 1539 982 astrologiam
1584 930 1776 970 musicen

252 999 503 1048 ceterasque
525 992 778 1050 disciplinas
801 994 973 1050 penitus
995 994 1153 1035 habere
1174 1001 1312 1049 notas,
1336 1001 1612 1051 praetereunt
1633 996 1778 1039 officia

252 1059 583 1102 architectorum
636 1067 676 1102 et
727 1062 972 1103 efficiuntur
1020 1062 1326 1104 mathematici.
1395 1064 1540 1119 itaque
1590 1063 1778 1106 faciliter

253 1134 401 1169 contra
432 1143 501 1169 eas
534 1128 787 1184 disciplinas
821 1129 1045 1185 disputare
1076 1137 1272 1186 possunt,
1306 1130 1419 1186 quod
1450 1131 1646 1186 pluribus
1677 1132 1776 1174 telis

254 1195 580 1252 disciplinarum
619 1203 719 1238 sunt
757 1198 925 1238 armati.
985 1197 1031 1238 hi
1069 1204 1212 1239 autem
1251 1199 1531 1240 inveniuntur
1568 1214 1686 1253 raro,
1730 1207 1777 1242 ut

251 1263 482 1319 aliquando
514 1263 688 1305 fuerunt
717 1265 994 1323 Aristarchus
1027 1265 1211 1320 Samius,
1243 1265 1464 1309 Philolaus
1496 1273 1537 1308 et
1557 1267 1775 1323 Archytas

252 1332 500 1385 Tarentini,
552 1332 810 1388 Apollonius
857 1333 1095 1388 Pergaeus,
1155 1334 1463 1375 Eratosthenes
1511 1335 1774 1391 Cyrenaeus,

251 1399 535 1441 Archimedes
569 1406 610 1441 et
642 1400 850 1456 Scopinas
881 1400 936 1442 ab
968 1400 1216 1457 Syracusis,
1257 1404 1329 1458 qui
1361 1402 1516 1444 multas
1555 1418 1622 1444 res
1654 1418 1774 1458 orga-

251 1469 372 1509 nicas
413 1474 454 1508 et
493 1469 772 1522 gnomonicas
811 1483 987 1511 numero
1034 1469 1391 1526 naturalibusque
1433 1470 1673 1512 rationibus
1711 1472 1773 1512 in-

252 1542 404 1576 ventas
435 1541 564 1591 atquc
596 1529 833 1592 explicatas
864 1537 1050 1593 posteris
1082 1536 1361 1593 reliquerunt.

365 1602 473 1644 Cum
505 1618 606 1658 ergo
638 1604 741 1645 talia
771 1605 943 1659 ingenia
973 1604 1028 1645 ab
1058 1605 1244 1646 naturali
1276 1605 1467 1647 sollertia
1497 1621 1583 1647 non
1613 1607 1773 1662 passim

251 1672 417 1711 crnictis
449 1671 650 1725 gentibus
683 1671 759 1712 sed
790 1673 938 1728 paucis
961 1673 1067 1713 viris
1098 1672 1257 1714 habere
1279 1674 1551 1728 concedatur,
1583 1674 1773 1716 officium

250 1753 352 1779 vero
373 1737 599 1780 architecti
621 1739 818 1781 omnibus
843 1739 1158 1781 eruditionibus
1182 1740 1336 1782 debeat
1358 1756 1453 1783 esse
1475 1743 1774 1794 exercitatum,

250 1813 291 1848 ct
322 1807 430 1847 ratio
462 1813 637 1862 propter
668 1807 995 1863 amplitudinem
1028 1809 1090 1849 rei
1118 1809 1339 1864 permittat
1366 1825 1451 1852 non
1481 1811 1604 1852 iuxta
1629 1825 1772 1852 neces-

251 1875 421 1915 sitatem
462 1889 647 1915 summas
695 1875 770 1916 sed
811 1876 939 1916 etiam
978 1875 1216 1917 mediocres
1256 1877 1458 1919 scientias
1497 1877 1655 1919 habere
1686 1878 1771 1920 dis-

342 2105 361 2135 3
388 2112 430 2134 ac
456 2103 549 2135 Jon:
578 2104 640 2134 aut
667 2103 745 2135 GH.
808 2102 1012 2145 elegationf:
1036 2108 1113 2136 aule
1138 2115 1227 2136 corr.
1254 2107 1273 2136 l.
1307 2103 1321 2146 Η
1360 2107 1377 2137 7
1404 2109 1444 2137 ut
1469 2107 1499 2138 si
1525 2107 1566 2140 L.
1602 2104 1615 2148 Η
1656 2110 1675 2139 9
1702 2107 1771 2139 sol-

251 2159 379 2190 lcstiae
413 2164 490 2189 (mle
516 2169 606 2192 corr.
635 2158 673 2190 G.
705 2156 720 2200 Η
760 2161 800 2191 10
825 2160 1060 2200 geometriam
1095 2160 1161 2192 GH
1185 2160 1303 2202 (LPp,
1336 2163 1596 2203 geometricam
1622 2162 1722 2204 blek).
1755 2162 1770 2206 Η

253 2217 289 2246 11
319 2215 463 2256 penitus
489 2215 526 2255 G,
554 2215 723 2256 poenitus
752 2215 787 2246 H
805 2214 905 2257 (Ll'l,
932 2218 1076 2257 penitus
1092 2228 1127 2257 p,
1154 2217 1297 2258 penitus
1315 2217 1401 2259 belz).
1426 2216 1440 2260 Η
1465 2220 1505 2250 12
1525 2218 1671 2251 facilius
1689 2221 1731 2253 L.
1756 2219 1771 2261 Η

254 2285 293 2314 13
319 2273 486 2326 dfputare
519 2293 547 2316 c,
580 2280 594 2324 Η
634 2284 673 2314 15
706 2283 904 2313 aristarcus
932 2284 973 2321 G,
1008 2284 1232 2316 aristarchus
1265 2286 1301 2315 ll
1332 2270 1506 2327 (Ll’plrh,
1547 2286 1771 2319 aristharcus

251 2339 295 2379 h).
318 2335 333 2380 Η
356 2338 545 2380 phylolaus
574 2339 639 2369 GH
659 2336 736 2379 (Pp,
763 2338 943 2380 philolaus
963 2340 1074 2381 Llph).
1098 2338 1113 2382 Η
1136 2341 1297 2373 architas
1319 2342 1356 2377 G,
1384 2342 1556 2384 archytas
1578 2343 1614 2373 H
1640 2343 1772 2384 (archi-

252 2421 309 2449 tas
342 2416 530 2458 LPplbelz).
563 2414 577 2459 Η
612 2418 650 2448 16
677 2418 936 2458 Ροτςοιιεοθῖἰ.
962 2416 976 2460 Η
999 2417 1130 2459 craltos
1161 2420 1289 2452 thenes
1314 2421 1350 2451 fl
1376 2392 1642 2472 (eratosut'iznes
1675 2423 1734 2462 L).
1755 2422 1771 2462 Ι’

253 2494 428 2525 cyreneus
456 2485 531 2515 Gll.
565 2481 579 2525 Η
613 2485 652 2515 17
680 2484 824 2525 scopias
842 2489 918 2516 (mle
943 2485 1040 2527 (ips.)
1066 2497 1156 2520 corr.
1177 2487 1215 2518 G.
1235 2487 1406 2528 scopinas
1431 2488 1731 2530 ll(G⁶LPphlc·le).
1752 2488 1756 2531 Ι

253 2544 414 2593 εγηὲιιειε
443 2551 479 2582 G.
505 2548 519 2590 Η
544 2551 588 2581 ab
617 2552 682 2582 Gll
709 2551 766 2592 (L,
794 2551 838 2591 al)
874 2553 982 2592 lelc,
1012 2564 1032 2584 a
1059 2552 1210 2594 Ppblelz).
1229 2551 1243 2595 Η
1261 2555 1453 2595 organicas
1480 2557 1717 2597 gnomonicas
1745 2560 1772 2589 G

253 2612 285 2638 el
298 2612 374 2638 ante
389 2618 478 2639 corr.
492 2607 530 2638 Il
545 2606 618 2647 (L),
634 2607 1080 2650 orgaiiicas1g1101n1nicas
1094 2611 1148 2640 Hc
1162 2609 1232 2650 (sic,
1250 2621 1350 2641 erasa
1363 2612 1478 2642 littera
1491 2623 1596 2653 supra
1612 2613 1671 2652 mi,
1688 2625 1770 2654 qnae

250 2664 342 2703 forle
366 2664 471 2703 fuerit
496 2674 533 2704 ο,
566 2668 598 2695 el
622 2674 691 2694 eum
714 2669 838 2704 puncto
865 2669 941 2696 {17th
968 2675 1084 2706 gnom.
1113 2667 1202 2707 quod
1225 2667 1372 2707 virfstdae
1404 2668 1508 2699 simile
1533 2670 1652 2704 evasit,
1686 2671 1771 2701 unde

254 2732 450 2772 organicas
477 2741 718 2772 ignomuncas
747 2732 890 2773 Ppheclz,
918 2726 1101 2773 organicis
1126 2733 1368 2774 lgnominicas
1394 2745 1421 2770 (¹,
1456 2735 1645 2775 orgonicas
1670 2736 1771 2776 igno—

255 2786 407 2818 minicas
434 2789 458 2824 l,
492 2788 555 2818 sed
584 2792 675 2818 reete
703 2788 896 2827 organicas
923 2790 1158 2829 gnomonicas
1190 2790 1220 2820 L
1244 2790 1330 2821 sieut
1362 2795 1438 2821 (mle
1471 2801 1560 2823 corr.
1587 2791 1623 2821 Il
1656 2793 1712 2832 qui
1736 2803 1772 2823 se

255 2854 358 2893 ipsum
376 2855 550 2893 corrz'JJen-s·
574 2856 754 2896 scripsisse
778 2856 909 2887 videtur·
933 2851 1188 2896 gnomi'ntcas).
1215 2858 1250 2887 et
1267 2861 1344 2887 ante
1363 2866 1420 2897 gn.
1441 2859 1520 2889 add.
1540 2859 1593 2892 ed.
1622 2857 1733 2899 (recu).
1755 2858 1769 2901 Η

255 2909 298 2940 20
325 2909 368 2940 ab
397 2910 461 2940 (ill
488 2910 545 2950 (L,
572 2911 617 2950 ab
646 2910 760 2951 Gella,
789 2922 810 2944 a
836 2911 962 2953 l'stbelz,
989 2922 1048 2943 om.
1077 2915 1096 2944 l.
1130 2909 1144 2953 Η
1174 2913 1216 2944 24
1240 2912 1431 2945 mediocris
1457 2914 1504 2945 ll.

1805 1613 1843 1644 17
