1909 3322
140 357 191 390 IV

170 621 189 652 5

148 960 188 990 10

155 1298 194 1327 15

208 230 264 271 40
861 229 1070 260 vlrnuvn

727 308 742 324 Ο

321 340 372 381 In
404 336 693 379 caementiciis
733 339 878 374 autem
916 332 1142 374 structuris
1174 332 1361 389 primum
1392 336 1457 372 est
1488 330 1541 370 de
1572 329 1732 371 harena
1759 344 1775 374 1

211 405 525 465 quaerendum,
566 408 613 443 ut
652 415 701 442 ea
739 402 795 442 sit
831 400 987 442 idonea
1023 398 1080 440 ad
1109 399 1334 441 materiem
1364 397 1630 439 miscendam
1658 412 1731 438 ne-

211 490 292 533 que
322 473 478 515 habeat
507 477 667 512 terram
697 469 990 511 commixtam.
1058 481 1219 523 genera
1255 473 1400 508 autem
1429 465 1616 507 harenae
1645 465 1732 507 fos-

211 544 343 585 siciae
382 546 481 582 sunt
517 538 644 592 haec,
684 538 832 592 nigra,
866 550 990 589 cana,
1023 535 1172 588 rubra,
1206 533 1506 576 carbunculus.
1580 548 1636 574 ex
1665 533 1733 574 his

214 624 321 666 quae
350 609 396 649 in
426 621 556 648 manu
587 605 822 647 confricata
853 604 1006 645 fecerit
1037 602 1266 645 stridorem
1298 603 1378 643 erit
1410 603 1593 658 optima,
1626 615 1735 657 quae

211 684 355 719 autem
392 682 558 717 terrosa
596 673 729 716 fuerit
766 687 852 714 non
889 671 1068 713 habebit
1113 672 1404 727 asperitatem.
1475 670 1580 711 item
1618 670 1655 710 si
1691 669 1737 709 in

212 745 520 786 vestimentum
565 740 797 782 candidum
843 754 891 780 ea
940 740 1133 780 coniecta
1164 738 1294 795 fuerit
1312 771 1324 792 7
1365 745 1515 794 postea
1554 751 1737 778 excussa

212 812 257 854 id
294 826 381 853 non
424 809 661 866 inquinarit
706 822 844 864 neque
881 807 945 848 ibi
981 813 1098 848 terra
1137 806 1394 859 subsiderit,
1441 807 1523 847 erit
1567 805 1736 847 idonea.

213 881 281 922 sin
310 885 454 920 autem
483 892 570 919 non
601 882 724 917 erunt
754 875 981 916 harenaria
1011 874 1125 915 unde
1157 873 1360 927 fodiatur7
1391 881 1483 916 tum
1515 873 1568 914 de
1598 874 1736 915 flumi-
1763 898 1770 904 ·

213 948 340 989 nibus
385 951 459 987 aut
505 960 526 986 e
569 943 716 1000 glarea
761 944 841 985 erit
880 942 1152 984 excernenda
1169 975 1180 995 ,
1219 958 1306 984 non
1343 944 1483 984 minus
1523 944 1653 984 etiam
1685 942 1739 985 de

215 1015 339 1057 litore
359 1013 538 1055 marino.
599 1011 675 1053 sed
698 1026 747 1052 ea
767 1012 813 1051 in
844 1012 1071 1052 structuris
1102 1010 1208 1052 haec
1237 1011 1368 1052 habet
1399 1011 1521 1065 vitia,
1554 1011 1738 1053 difficul-

216 1091 281 1125 ter
303 1081 514 1133 siccescit,
545 1094 684 1135 neque
715 1080 882 1121 onerari
915 1094 961 1120 se
992 1080 1260 1121 continenter
1290 1079 1431 1136 paries
1462 1081 1626 1136 patitur
1655 1080 1740 1121 nisi

217 1147 609 1192 intermissionibus
654 1148 923 1203 requiescat,
963 1161 1102 1203 neque
1142 1148 1533 1189 concamerationes
1571 1149 1740 1204 recipit.

218 1217 382 1258 marina
419 1222 564 1257 autem
601 1214 681 1256 hoc
720 1214 903 1270 amplius
943 1214 1059 1270 quod
1092 1216 1219 1256 etiam
1251 1215 1460 1272 parietes,
1501 1230 1597 1256 cum
1628 1216 1674 1256 in
1704 1217 1740 1257 is

220 1285 400 1327 tectoria
430 1283 546 1324 facta
576 1282 758 1336 fuerint,
799 1283 1068 1324 remittentes
1100 1282 1363 1338 salsuginem
1394 1284 1556 1325 corium
1589 1283 1740 1325 dissol-

222 1359 342 1393 vunt.
409 1351 610 1393 fossiciae
655 1364 757 1391 vero
798 1349 996 1391 celeriter
1039 1352 1084 1392 in
1124 1352 1352 1392 structuris
1391 1352 1654 1406 siccescunt,
1702 1358 1743 1392 et

221 1420 402 1462 tectoria
447 1424 718 1474 permanent,
759 1427 800 1459 et
839 1419 1229 1460 concamerationes
1269 1419 1512 1475 patiuntur,
1554 1419 1631 1460 sed
1670 1434 1745 1460 eae

224 1502 332 1543 quae
362 1492 460 1527 sunt
491 1485 544 1526 de
574 1485 812 1527 harenariis
844 1493 1051 1527 recentes.
1113 1487 1150 1527 si
1181 1487 1295 1527 enim
1326 1493 1551 1543 exemptae
1582 1487 1744 1528 diutius

225 1556 385 1607 iacent,
425 1553 481 1595 ab
522 1552 610 1595 sole
650 1560 691 1594 et
730 1552 831 1594 luna
869 1560 909 1595 et
948 1555 1101 1610 pruina
1141 1561 1367 1595 concoctae
1397 1553 1673 1596 resolvuntur
1704 1562 1746 1596 et

225 1623 333 1663 fiunt
369 1628 572 1663 ten-osae.
640 1621 700 1661 ita
739 1635 834 1661 cum
865 1622 910 1662 in
941 1629 1200 1663 structuram
1232 1623 1493 1676 coiciuntur,
1532 1638 1618 1664 non
1648 1637 1744 1679 pos-

226 1696 323 1731 sunt
371 1690 588 1730 continerc
634 1695 875 1742 caementa7
922 1689 999 1730 sed
1045 1704 1094 1730 ea
1131 1698 1260 1732 ruunt
1299 1697 1340 1731 et
1377 1690 1581 1731 labuntur
1618 1705 1747 1731 onera

227 1771 334 1813 quae
370 1757 554 1812 parietes
592 1771 678 1797 non
715 1764 895 1813 possunt
933 1759 1162 1799 sustinere.
1221 1764 1413 1799 recentes
1445 1764 1588 1799 autem
1620 1757 1745 1799 fossi-

227 1825 318 1865 ciae
340 1839 437 1864 cum
457 1825 502 1864 in
533 1825 759 1865 structuris
791 1831 932 1866 tantas
954 1824 1141 1866 habeant
1162 1826 1362 1879 virtutes,
1395 1840 1469 1866 eae
1489 1826 1533 1866 in
1555 1826 1747 1866 tectoriis

228 1892 324 1934 ideo
346 1907 432 1932 non
462 1898 561 1932 sunt
591 1891 718 1933 utiles
751 1893 864 1948 quod
895 1893 1199 1948 pinguitudine
1231 1893 1322 1935 eius
1354 1892 1451 1934 calx
1481 1892 1604 1949 palea
1635 1907 1745 1934 com-

162 1974 169 1984 ·
229 1960 365 2000 mixta
386 1964 559 2015 propter
581 1959 896 2001 vehementiam
927 1975 1011 2002 non
1042 1967 1184 2017 potest
1216 1961 1309 2002 sine
1341 1961 1461 2001 rimis
1492 1961 1747 2001 inarescere.

320 2132 341 2161 4
368 2125 610 2161 carbunculus
638 2124 681 2155 G:
707 2121 828 2153 —lum
853 2121 890 2151 H
917 2121 1013 2162 (—ls1
1037 2120 1127 2163 Lle).
1158 2119 1174 2164 Η
1207 2123 1226 2153 7
1254 2122 1424 2153 coniecta
1445 2121 1489 2153 G:
1518 2124 1688 2153 contecta
1712 2122 1749 2152 H

233 2185 336 2225 (Mc).
375 2183 389 2227 Η
429 2195 582 2217 excussa
613 2182 671 2215 vel
704 2180 731 2221 (1
759 2179 800 2221 G)
833 2179 910 2210 icta
945 2178 1010 2209 GH
1049 2177 1122 2219 (vel
1154 2178 1230 2209 icta
1262 2183 1296 2209 ut
1324 2180 1469 2219 glossam
1507 2179 1573 2209 del·
1608 2177 1748 2209 llffarini.

232 2242 275 2282 ef.
303 2252 455 2274 excussa
480 2241 631 2275 Pallad„
664 2240 684 2270 ἱ.
713 2248 740 2269 e.
767 2236 880 2268 effusa
906 2237 998 2276 epit„
1025 2246 1090 2266 mm
1115 2235 1201 2271 icta,
1235 2245 1298 2276 quo
1329 2235 1425 2266 modo
1451 2235 1603 2275 explicat
1635 2236 1750 2275 glossa

233 2309 316 2339 quae
341 2299 374 2329 in
397 2302 524 2330 temtum
548 2300 688 2337 recepta
706 2298 754 2325 esc
780 2292 839 2324 vel
858 2291 961 2333 icta).
995 2289 1009 2332 Η
1040 2293 1060 2323 8
1084 2291 1305 2332 inquinarit:
1332 2293 1380 2322 sic
1400 2291 1475 2324 GH.
1510 2287 1526 2333 ll
1556 2290 1751 2322 subsiderit

236 2354 301 2385 GH
326 2356 378 2393 (le,
406 2353 611 2385 subsederit
636 2350 693 2392 L).
728 2348 740 2391 ΙΙ
775 2350 814 2379 12
841 2348 1026 2379 siccescit:
1054 2348 1107 2379 sic
1133 2347 1246 2378 cersit
1278 2346 1305 2378 G
1330 2347 1400 2386 (sic
1434 2346 1540 2378 cessit
1569 2346 1646 2387 GC),
1679 2346 1750 2378 sic-

236 2410 344 2441 cessit
369 2410 404 2440 H
431 2409 484 2448 (Ic,
512 2409 565 2440 sic
592 2407 725 2439 cesscit
751 2406 808 2445 L).
843 2404 857 2447 {l
890 2404 1118 2436 continenter
1142 2404 1261 2445 paries
1286 2403 1424 2445 patitur
1451 2403 1495 2434 G:
1522 2403 1751 2434 continenter

236 2475 263 2512 (ἶ
285 2476 333 2515 H)
366 2476 499 2517 recipit
531 2475 651 2516 paries
678 2474 817 2515 patitur
842 2471 1012 2513 (partitur
1037 2471 1083 2512 L)
1110 2472 1146 2502 H
1171 2469 1263 2510 (Llc)
1290 2481 1334 2502 ea:
1359 2482 1387 2504 υ.
1415 2472 1470 2502 13.
1505 2467 1519 2512 Η
1553 2471 1594 2501 14
1619 2469 1668 2501 is:
1694 2470 1751 2501 his

238 2533 314 2563 GH.
344 2530 357 2574 Η
391 2533 431 2563 15
456 2533 683 2563 remittentes
709 2529 932 2569 salsuginem
958 2530 995 2559 H
1020 2528 1107 2569 (LIc,
1134 2527 1179 2567 cf.
1199 2528 1278 2567 epit.
1304 2531 1336 2558 et
1350 2526 1471 2566 Palm:
1499 2527 1750 2557 remittentese

236 2587 419 2629 salsugine
439 2587 466 2619 G
492 2586 575 2627 (scil.
602 2586 813 2617 remittente
838 2594 873 2615 se
899 2584 1086 2625 salsugine
1112 2593 1232 2615 eorum
1263 2582 1536 2623 dissolvuntur).
1568 2580 1582 2624 ΙΙ
1615 2583 1751 2614 corium

236 2643 437 2674 dissolvunt
465 2644 565 2675 Selm.
606 2640 666 2681 (ea
698 2640 901 2671 dissolvunt
931 2641 1022 2678 doe„
1057 2650 1146 2681 opus
1176 2639 1207 2669 d.
1240 2638 1356 2679 epit.):
1398 2649 1519 2670 eorum
1551 2637 1752 2670 dissolvun-

238 2703 293 2729 tur
320 2700 396 2733 GH.
431 2697 446 2740 Η
480 2700 518 2730 17
539 2709 621 2730 eae:
649 2697 718 2728 hae
739 2697 775 2726 H
791 2696 897 2736 (Llc),
924 2697 990 2738 hec
1007 2698 1043 2728 G.
1077 2695 1091 2738 Ι]
1124 2698 1166 2728 20
1191 2695 1307 2737 fiuunt
1332 2697 1378 2729 H.
1412 2694 1426 2737 ΙΙ
1458 2694 1649 2726 coniuntur
1673 2698 1752 2725 ante

238 2765 327 2785 νον-ν.
356 2754 478 2795 (coic.)
508 2756 546 2786 G.
579 2752 593 2796 Η
632 2755 671 2784 21
699 2751 762 2783 sed
789 2762 832 2782 ea
859 2756 965 2782 ruunt
993 2752 1019 2783 G
1047 2752 1107 2792 (L,
1142 2752 1205 2783 sed
1232 2754 1384 2783 earuunt
1409 2751 1458 2791 e):
1492 2750 1690 2781 sedearunt
1715 2750 1753 2780 Il

240 2810 316 2847 (sod
349 2813 477 2841 carunt
502 2810 537 2849 l).
575 2807 590 2851 Η
629 2818 812 2848 oneraque
840 2808 890 2844 ll,
918 2818 1065 2849 oneraq³
1096 2808 1209 2849 (——q;,
1235 2808 1329 2849 —q:)
1359 2808 1385 2839 G
1411 2806 1537 2847 (Llelz).
1571 2803 1586 2847 Η
1617 2807 1659 2837 23
1685 2816 1751 2837 eae

242 2865 294 2894 ll:
320 2865 386 2895 hae
415 2866 441 2897 G
468 2864 572 2906 (ΖΛΓ).
606 2864 621 2907 ss
652 2866 693 2896 24
711 2862 978 2905 pinguitudine:
1005 2864 1086 2894 ——ni
1114 2864 1189 2898 GH.
1222 2862 1236 2906 ΙΙ
1267 2863 1459 2895 commixta
1487 2862 1529 2893 G:
1558 2861 1753 2895 cummixta

242 2920 276 2949 H
303 2921 476 2959 (esunixta
502 2925 520 2958 l,
550 2932 630 2952 cuin
657 2921 766 2951 mixta
794 2920 834 2955 L,
863 2919 1018 2950 esunixta
1043 2919 1086 2960 c),
