1899 3322
591 212 651 241 DE
683 211 1037 244 ARCHITECTURA
1070 216 1156 246 LIB.
1189 217 1250 246 1v.
1628 209 1679 250 87

93 325 133 355 10
158 315 344 356 lutarum
381 314 522 355 facere
559 320 658 356 sunt
697 315 848 355 coacti.
915 321 1017 356 tunc
1049 317 1360 372 Callimachus,
1401 320 1474 375 qui
1507 327 1681 376 p1·‹r›ptcr

88 799 126 829 ll

157 382 415 438 elegantiam
438 388 479 423 et
510 381 794 423 subtilitatem
824 383 929 423 artis
961 398 1223 426 marmoreae
1253 385 1308 426 ab
1339 387 1679 430 Atheniensibus

154 450 428 493 catatechnos
466 450 607 492 fuerat
635 449 901 502 nominatus,
942 452 1207 505 praeteriens
1246 453 1325 494 hoe
1356 463 1677 497 monumentum

155 517 463 560 animadvertit
501 532 598 558 eum
636 516 852 558 calathum
891 524 933 558 et
964 518 1076 559 circa
1107 520 1309 561 foliorum
1340 529 1587 564 nascentem
1617 530 1677 565 te-

154 587 412 639 neritatem,
460 584 784 640 delectatusque
827 599 984 640 genere
1032 592 1072 627 et
1111 586 1272 628 formae
1311 591 1503 631 novitate
1541 591 1597 631 ad
1634 591 1677 632 id

155 653 377 710 exemplar
426 652 645 695 columnas
695 652 811 708 apud
867 652 1115 695 Corinthios
1167 655 1270 696 fecit
1320 659 1678 715 symmetriasque

155 721 400 775 constituit,
442 727 484 762 et
522 734 578 761 ex
617 735 666 761 eo
705 721 750 761 in
781 735 958 777 operum
989 721 1328 777 perfectionibus
1361 723 1575 766 Corinthii
1605 742 1677 781 ge-

153 791 268 831 neris
300 788 525 830 distribuit
555 788 758 830 rationes.
827 789 917 829 eius
949 794 1093 829 autem
1125 789 1303 846 capituli
1335 794 1585 847 symmetria
1616 795 1679 834 sic

154 864 217 899 est
238 856 438 899 facienda
458 856 522 897 uti
544 862 703 911 quanta
723 856 855 897 fuerit
877 856 1117 898 crassitudo
1148 858 1260 897 imae
1292 857 1527 913 columnae,
1560 868 1678 902 tanta

153 927 210 968 sit
248 924 431 966 altitudo
470 923 650 980 capituli
689 938 786 964 eum
823 922 971 965 abaco.
1037 924 1161 965 abaci
1200 924 1384 966 latitudo
1425 926 1485 967 ita
1522 927 1678 969 habeat

151 994 363 1035 rationem
383 998 430 1033 ut
452 998 611 1048 quanta
632 991 763 1033 fuerit
785 990 984 1043 altitudo,
1018 997 1164 1033 tantae
1192 992 1302 1033 duae
1333 993 1419 1035 sint
1451 993 1679 1049 diagonioe

150 1061 206 1102 ab
249 1059 406 1116 angulo
452 1060 508 1100 ad
551 1059 770 1115 angulum.
846 1060 986 1116 spatia
1032 1059 1146 1100 enim
1191 1060 1251 1100 ita
1295 1060 1409 1102 iusta
1458 1061 1679 1104 habebunt

150 1129 313 1170 frontes
337 1142 660 1184 quoquoversus
693 1126 951 1168 latitudinis.
1012 1126 1175 1168 frontes
1209 1127 1434 1169 sinuentur
1464 1130 1676 1172 introrsus

150 1197 205 1239 ab
237 1196 441 1238 extremis
473 1194 642 1250 angulis
675 1194 798 1236 abaci
829 1209 931 1236 suae
963 1194 1116 1236 frontis
1148 1194 1391 1237 latitudinis
1423 1212 1547 1238 nona.
1622 1198 1677 1238 ad

150 1266 285 1306 imum
317 1262 554 1319 capitulum
593 1269 756 1304 tantam
789 1262 944 1303 habeat
976 1262 1327 1316 crassitiulinem,
1370 1271 1572 1319 quantam
1603 1265 1675 1306 ha-

150 1333 224 1374 bet
255 1346 420 1373 summa
442 1330 639 1373 columna
669 1336 840 1386 praeter
869 1330 1110 1386 apothesim
1143 1337 1184 1372 et
1215 1330 1492 1385 astragalum.
1552 1332 1675 1374 abaci

106 1419 114 1425 ·
151 1399 392 1442 crassitudo
423 1399 607 1455 septima
638 1398 814 1454 capituli
844 1397 1103 1439 altitudinis.
1164 1398 1338 1454 dempta
1367 1398 1491 1440 abaci
1522 1402 1675 1441 crassi-

149 1468 321 1521 tudine,
363 1466 586 1508 dividatur
622 1465 789 1522 reliqua
820 1480 917 1522 pars
949 1466 994 1505 in
1025 1472 1168 1521 partes
1200 1472 1307 1520 tres,
1350 1480 1372 1506 e
1404 1467 1560 1523 quibus
1592 1483 1676 1509 una

150 1536 235 1577 imo
273 1535 375 1577 folio
415 1534 554 1575 detur.
623 1534 859 1575 secundum
900 1532 1051 1575 folium
1089 1533 1277 1574 mediam
1307 1533 1582 1575 altitudinem
1614 1542 1673 1576 tc-

149 1610 262 1646 neat.
330 1601 528 1644 cauliculi
568 1601 749 1642 eandem
788 1601 973 1642 habeant
1003 1600 1299 1655 altitudinem,
1332 1616 1353 1641 e
1385 1602 1539 1657 quibus
1572 1602 1675 1644 folia
1701 1616 1708 1627 '-

150 1676 386 1713 nascuntur
430 1670 622 1726 proiecta
665 1669 730 1710 uti
775 1669 996 1725 excipiant
1028 1683 1135 1724 quae
1182 1684 1235 1709 cx
1281 1668 1503 1711 cauliculis
1550 1677 1675 1711 natac

151 1744 408 1796 procurrunt
445 1736 501 1778 ad
528 1742 748 1782 extremos
780 1735 960 1791 angulos
993 1735 1180 1789 volutae,
1214 1736 1485 1792 minoresque
1516 1737 1674 1778 helices

150 1808 263 1848 intra
285 1821 408 1848 suum
429 1804 619 1845 medium
642 1804 715 1858 qui
737 1810 801 1845 est
831 1804 876 1844 in
906 1802 1039 1844 abaco
1070 1803 1166 1844 flori
1198 1802 1383 1844 subiecti
1413 1802 1673 1860 scalpantur.

150 1875 276 1916 flores
316 1874 360 1914 in
398 1878 600 1929 quattuor
630 1870 826 1927 partibus
859 1876 1019 1926 quanta
1051 1872 1132 1912 erit
1162 1870 1285 1911 abaci
1317 1871 1555 1912 crassitudo
1586 1878 1671 1912 tam

150 1943 296 1998 magni
326 1941 577 1983 formentur.
635 1940 697 1980 ita
726 1939 792 1980 his
822 1939 1085 1995 symmetriis
1115 1938 1326 1980 corinthia
1358 1938 1545 1995 capitula
1576 1954 1673 1980 suas
1725 1952 1736 1960 “

148 2009 372 2053 habebunt
403 2009 663 2050 exactiones.

265 2077 374 2120 Sunt
394 2083 539 2118 autem
570 2090 678 2131 quae
708 2074 845 2115 isdem
867 2074 1076 2116 columnis
1099 2075 1364 2130 inponuntur
1387 2074 1672 2130 capitulorum

150 2160 309 2202 genera
340 2145 472 2186 variis
511 2142 733 2185 vocabulis
772 2143 1013 2196 nominata,
1054 2157 1234 2198 quorum
1271 2156 1350 2182 nec
1390 2143 1672 2198 proprietates

242 2331 262 2361 3
289 2327 528 2360 catateehnos
562 2326 601 2357 ll
629 2324 735 2365 (Lle):
770 2324 1033 2367 catathechos
1067 2326 1094 2355 [ι’
1127 2322 1460 2365 (catatexitechnos
1495 2324 1580 2354 l'lz'n.
1616 2326 1671 2361 31,

152 2385 222 2426 92).
254 2383 269 2427 Η
302 2385 322 2416 ’7
349 2386 385 2416 et
408 2384 487 2415 add.
515 2383 608 2414 Mar.
635 2382 696 2422 (ex
721 2391 834 2422 eoque
860 2382 913 2416 ed.
940 2381 1026 2421 Ft.):
1059 2392 1120 2414 om.
1149 2381 1216 2412 Gll
1247 2380 1454 2421 (constituit
1487 2390 1529 2411 cx
1556 2390 1597 2411 eo
1626 2380 1669 2416 ll,

152 2440 356 2473 constituit.
406 2440 460 2471 Ex
483 2450 525 2471 eo
553 2439 607 2480 (J).
641 2436 655 2481 Η
688 2447 835 2479 operum
860 2438 914 2470 etl.
940 2438 1008 2471 ΗΛ
1042 2436 1162 2479 operis
1195 2437 1270 2467 (ill.
1303 2433 1318 2478 Η
1349 2438 1368 2466 5)
1396 2434 1570 2466 faciunda
1595 2441 1672 2467 ante

152 2520 242 2540 corr.
272 2508 299 2539 G
325 2500 483 2548 (—1‘i¹1dzt
511 2506 582 2546 Gc).
614 2502 629 2547 Η
662 2508 701 2536 ut
729 2506 766 2538 (ι’.
799 2502 813 2546 Η
848 2506 884 2535 11
913 2506 1040 2536 tantae
1067 2504 1159 2535 duae
1186 2505 1259 2535 sint
1277 2503 1470 2543 diagonioe
1490 2502 1606 2541 (Sc-lm,
1625 2504 1670 2542 ef.

152 2576 185 2606 p.
209 2566 262 2601 85,
290 2563 371 2604 25):
400 2566 505 2594 tanta
531 2562 601 2594 duo
627 2562 701 2594 sint
728 2561 901 2600 diagonia
930 2561 1005 2592 GH.
1031 2558 1045 2603 Η
1071 2562 1109 2591 12
1137 2560 1234 2591 iusta
1261 2560 1378 2591 Selom
1406 2559 1519 2589 iustas
1549 2558 1623 2592 (ill,

155 2623 195 2653 13
221 2621 414 2652 sinuentur
439 2619 532 2651 -locnz
559 2618 735 2649 simentur
763 2617 828 2647 (ill
854 2615 1056 2656 (sumentur
1083 2615 1153 2656 Διῒ).
1186 2614 1200 2658 Η
1236 2617 1275 2647 14
1303 2614 1511 2656 {abangulis
1546 2614 1573 2643 (ι’
1605 2613 1671 2653 (re-

151 2677 289 2718 petitum
314 2676 359 2707 ab
386 2676 473 2707 delet
502 2672 573 2714 (1¹⁶).
607 2671 621 2715 Η
652 2683 750 2705 nona
776 2673 870 2704 .lo‹·.:
898 2682 968 2704 non
996 2673 1065 2704 (ill
1094 2671 1288 2712 (fiadimum
1316 2672 1358 2707 G,
1394 2681 1463 2701 non
1490 2669 1536 2700 ad
1563 2670 1670 2700 imum

154 2732 218 2773 ll).
250 2729 264 2775 Η
298 2733 338 2763 15
366 2729 564 2774 capitulum
591 2729 700 2761 illurn:
728 2729 881 2770 capituli
909 2729 985 2762 (ill.
1017 2726 1032 2771 Η
1072 2730 1112 2760 lo
1138 2731 1285 2770 praeter
1322 2738 1383 2758 (ml.
1419 2727 1445 2757 (1¹
1480 2727 1581 2765 (inlel-
1612 2727 1668 2759 Ιὶη,

153 2790 264 2830 suppl.
304 2788 375 2828 (1¹¹³).
415 2785 429 2830 Η
468 2786 685 2828 apothesim:
730 2787 778 2816 si(-
819 2785 895 2816 (ill.
936 2782 950 2827 Η
990 2787 1026 2816 et
1064 2784 1319 2825 astragalum.
1345 2782 1451 2813 abaci
1490 2792 1536 2815 cr.
1577 2782 1668 2815 vlma:

157 2849 192 2877 et
219 2845 327 2877 abaci
353 2842 577 2885 astragalum
605 2852 653 2875 cr.
682 2842 748 2873 Gll
773 2841 858 2880 (sine
876 2841 1016 2882 interp.)
1050 2839 1063 2883 Η
1095 2843 1137 2872 ‘20
1156 2839 1301 2871 coliculi
1329 2841 1355 2868 li
1382 2836 1471 2877 (Ι,Ι>;
1501 2837 1671 2869 coaliculi

156 2912 194 2943 ll
217 2909 299 2952 (cll).
323 2909 338 2953 ιι
369 2912 409 2942 21
429 2910 596 2943 coliculis
624 2911 699 2942 GH.
724 2907 737 2951 [1
768 2912 808 2941 23
835 2909 913 2941 flori
939 2909 1038 2941 Lon:
1068 2909 1171 2939 nores
1192 2906 1267 2939 ml.
1291 2904 1305 2946 Η
1328 2908 1369 2937 28
1396 2895 1587 2946 viicabuhs
1616 2906 1672 2939 (ic.

1705 602 1724 632 υἱ

1707 940 1746 970 10

1706 1275 1744 1305 15
