1899 3322
643 237 705 267 DE
737 238 1095 270 ARCHITECTURA
1127 242 1217 271 LIB.
1249 242 1310 271 Vl.
1658 234 1735 276 147

216 337 362 378 iuncta
400 338 487 378 sint
525 337 719 393 culinae,
759 340 820 380 ita
857 341 970 381 enim
1008 341 1215 383 lavationi
1252 345 1438 386 rusticae
1474 347 1736 388 ministratio

213 419 299 446 non
321 405 402 446 erit
422 405 563 461 longe.
613 406 801 448 torcular
821 408 925 448 item
945 410 1192 465 proximum
1223 412 1278 452 sit
1310 413 1498 467 culinae,
1530 415 1591 455 ita
1623 416 1734 456 enim

214 472 269 513 ad
291 472 471 515 olearios
494 473 659 516 fructus
691 475 915 517 commoda
946 477 1026 517 erit
1056 477 1332 533 ministratio,
1365 480 1606 537 habeatque
1637 498 1734 524 0011-

213 541 407 582 iunctam
445 542 657 583 vinariam
697 542 847 583 cellam
884 543 1115 585 habentem
1153 545 1208 586 ab
1248 550 1538 602 septentrione
1575 549 1736 592 lumina

212 608 514 650 fenestrarum.
582 624 679 650 cum
719 612 831 652 enim
869 610 955 652 alia-
992 618 1115 668 parte
1152 612 1352 655 habuerit
1383 631 1466 672 qua
1504 617 1566 658 sol
1605 618 1735 659 calfa-
1760 630 1779 660 5

213 691 310 718 cere
340 678 492 733 possit,
523 679 673 719 vinum
706 678 819 734 quod
851 679 931 720 erit
961 679 1006 719 in
1038 694 1086 720 ea
1117 679 1224 721 cella
1254 682 1480 724 confusum
1509 685 1563 726 ab
1595 686 1735 727 calore

213 744 425 786 efficietur
453 745 718 786 inbecillum.
780 745 940 788 olearia
982 754 1127 789 autem
1171 749 1232 790 ita
1275 757 1340 791 est
1386 751 1647 794 conlocanda
1687 761 1735 795 ut

209 812 368 854 habeat
409 827 434 853 a
480 813 661 854 meridie
697 813 938 871 calidisque
975 815 1225 870 regionibus
1265 816 1422 859 lumen.
1496 835 1582 862 non
1620 823 1733 863 enim

210 880 338 922 debet
367 881 508 922 oleum
539 880 758 936 congelari
791 881 868 923 sed
897 888 1045 938 tepore
1077 883 1231 926 caloris
1265 888 1503 928 extenuari.
1570 891 1732 944 magni-

209 948 383 990 tudines
405 955 550 990 autem
581 963 727 989 earum
757 949 813 989 ad
843 949 1063 991 fructuum
1092 953 1302 994 rationem
1334 961 1374 995 et
1403 970 1627 997 numerum
1659 957 1732 997 do·
1762 971 1801 998 lo

207 1015 364 1057 liorum
394 1023 493 1058 sunt
524 1016 773 1070 faciundae,
808 1032 915 1073 quae
947 1033 1043 1059 cum
1073 1020 1160 1061 sint
1191 1020 1406 1075 cullearia,
1438 1038 1515 1078 per
1543 1025 1732 1065 medium

207 1098 416 1140 occupare
447 1084 606 1125 debent
651 1084 784 1141 pedes
825 1092 1070 1141 quaternos.
1126 1089 1268 1144 ipsum
1305 1096 1449 1130 autem
1478 1092 1666 1132 torcular
1698 1094 1735 1133 si

205 1167 291 1193 non
337 1151 493 1193 cocleis
536 1159 761 1208 torquetur
806 1153 883 1194 sed
922 1155 1120 1196 vectibus
1160 1163 1201 1197 et
1240 1156 1358 1212 prelo
1396 1160 1633 1213 premitur,
1679 1175 1732 1200 ne

205 1221 347 1261 minus
386 1219 560 1275 longum
598 1221 730 1277 pedes
772 1233 833 1262 XL
874 1223 1184 1278 constituatur,
1223 1225 1284 1265 ita
1315 1225 1429 1264 enim
1460 1227 1540 1267 erit
1572 1229 1730 1269 vectia-

205 1288 269 1328 rio
302 1289 491 1344 spatium
517 1283 791 1344 expeditum.
850 1288 1033 1330 latitudo
1067 1292 1157 1332 eius
1196 1306 1250 1331 ne
1290 1292 1429 1333 minus
1469 1294 1627 1349 pedum
1666 1308 1798 1339 sc-.15

204 1370 306 1396 1111111
338 1355 511 1408 denum,
544 1370 644 1396 nam
676 1357 740 1397 sic
771 1357 852 1397 erit
881 1357 937 1397 ad
967 1356 1142 1413 plenum
1173 1373 1280 1414 opus
1311 1358 1571 1403 facientibus
1594 1362 1732 1403 libera

203 1424 390 1465 versatio
434 1430 475 1464 et
521 1422 739 1480 expedita.
814 1425 882 1464 sin
926 1431 1071 1466 autem
1116 1425 1283 1467 duobus
1329 1427 1460 1482 prelis
1497 1427 1590 1471 loco
1621 1446 1729 1486 opus

204 1490 350 1543 fuerit,
383 1497 585 1546 quattuor
616 1497 657 1531 et
687 1491 848 1545 viginti
878 1491 1010 1548 pedes
1043 1492 1264 1534 latitudini
1296 1494 1464 1536 dentur.
1526 1496 1657 1538 ovilia
1689 1506 1729 1539 et

203 1557 383 1614 caprilia
403 1559 465 1599 ita
497 1565 595 1599 sunt
626 1573 783 1613 magna
813 1558 1013 1600 facienda
1042 1561 1105 1601 uti
1138 1560 1309 1616 singula
1338 1577 1490 1618 pecora
1521 1579 1644 1605 areae
1675 1581 1729 1606 ne

201 1627 342 1667 minus
373 1626 506 1682 pedes
538 1633 770 1681 quaternos
802 1633 843 1667 et
875 1627 1160 1683 semipedem,
1193 1644 1246 1669 ne
1276 1628 1372 1685 plus
1405 1646 1529 1673 senos
1560 1635 1727 1688 possint
1753 1645 1795 1675 ³20

200 1693 372 1734 habere.
441 1694 643 1748 granaria
681 1693 914 1735 sublimata
954 1702 994 1735 et
1031 1694 1087 1735 ad
1126 1697 1463 1752 septentrionem
1502 1707 1575 1740 aut
1606 1702 1724 1755 aqui-

200 1760 341 1802 lonem
387 1762 626 1817 spectantia
666 1761 973 1816 disponantur,
1020 1763 1081 1803 ita
1119 1765 1231 1805 enim
1271 1764 1488 1807 frumenta
1526 1782 1612 1808 non
1650 1783 1723 1824 po-

199 1834 346 1869 terunt
367 1829 451 1869 cito
473 1827 779 1881 concalescere,
812 1829 888 1869 sed
909 1829 1073 1870 adflatu
1093 1830 1348 1886 refrigerata
1378 1832 1453 1874 diu
1484 1842 1723 1877 servantur.

200 1910 385 1952 namque
432 1902 600 1936 ceterae
644 1897 841 1950 regiones
886 1904 1114 1953 procreant
1144 1897 1433 1940 curculionem
1465 1908 1506 1942 et
1536 1902 1724 1959 reliquas

197 1963 404 2005 bestiolas
427 1977 536 2019 quae
556 1963 784 2005 frumentis
807 1964 947 2005 solent
968 1979 1135 2006 nocere.
1169 1965 1383 2022 equilibus
1407 1984 1515 2024 quae
1535 1971 1722 2011 maxime
1748 1983 1789 2012 25

198 2031 242 2071 in
283 2029 388 2071 villa
425 2029 519 2072 loca
557 2030 820 2072 calidissima
855 2032 1015 2073 fuerint
1053 2034 1390 2089 constituantur,
1437 2036 1539 2077 dum
1574 2053 1628 2078 ne
1666 2039 1721 2079 ad

197 2097 339 2140 focum
378 2105 587 2154 spectent.
654 2114 750 2140 cum
788 2100 902 2140 enim
938 2101 1130 2141 iumenta
1166 2103 1363 2157 proxime
1401 2104 1544 2158 ignem
1575 2106 1720 2147 stabu—

196 2165 362 2219 lantur,
394 2165 569 2207 horrida
591 2166 711 2208 fiunt.
772 2168 876 2208 item
905 2182 990 2209 non
1021 2175 1119 2209 sunt
1149 2169 1321 2210 inutilia
1352 2173 1578 2227 praesepia
1610 2189 1719 2229 quae

289 2305 304 2334 1
332 2303 407 2335 sint
425 2304 460 2334 H
478 2302 609 2343 (Llc⁶):
636 2307 720 2334 sunt
746 2304 773 2336 G
798 2302 847 2345 (et
868 2309 946 2336 ante
971 2315 1063 2336 corr.
1087 2304 1132 2346 e).
1161 2304 1176 2348 Η
1205 2308 1223 2337 2
1250 2306 1410 2339 torcular
1437 2308 1547 2339 GGLC:
1579 2310 1717 2342 toi-clar

199 2371 266 2401 GH
289 2369 393 2411 (ΜΟ).
425 2369 440 2413 Η
472 2373 491 2402 3
517 2362 656 2402 fructds
690 2371 736 2403 H.
776 2368 790 2413 ΙΙ
827 2372 847 2402 4
884 2372 1176 2414 abscptentrione
1214 2374 1253 2404 H
1283 2375 1377 2414 (Lm,
1417 2375 1714 2409 absententrione

195 2425 246 2466 c):
279 2426 612 2469 adseptentrioncm
647 2426 684 2458 G.
716 2423 731 2468 Η
763 2427 782 2457 5
815 2437 885 2467 qua
918 2427 962 2459 G:
1001 2438 1068 2470 que
1101 2429 1137 2459 H
1168 2429 1243 2469 (LI,
1277 2439 1370 2470 quac
1397 2432 1440 2469 e).
1478 2429 1493 2473 Η
1532 2432 1714 2464 calfacere

198 2483 263 2514 GH
289 2481 345 2523 (L,
373 2482 578 2515 calefacere
610 2480 666 2525 lc).
707 2480 721 2525 [Ι
758 2484 777 2514 9
803 2486 928 2524 tepore
959 2485 1012 2518 ed.
1045 2482 1161 2526 (⁷·ec.):
1203 2488 1364 2527 tempore
1393 2488 1458 2517 GH
1495 2487 1557 2527 (le,
1589 2491 1711 2529 tepore

195 2538 254 2579 L).
288 2537 303 2580 ΙΙ
336 2540 374 2570 11
401 2538 612 2571 faciundae:
643 2541 692 2570 sic·
719 2540 796 2571 GH.
828 2537 843 2581 Η
877 2542 916 2571 13
943 2539 1077 2571 cocleis
1111 2541 1177 2572 GH
1203 2540 1310 2582 (Lle):
1347 2543 1491 2574 cocleas
1516 2547 1594 2574 ante
1619 2555 1710 2579 corr.

195 2595 241 2631 H,
268 2594 406 2627 coeleis
431 2600 508 2626 (mle
532 2606 602 2626 ras.
632 2596 669 2626 G.
692 2592 706 2637 ΙΙ
735 2596 910 2637 premitur
927 2596 999 2628 eda
1029 2595 1214 2638 premet(&
1233 2597 1323 2636 Hjur
1351 2599 1427 2629 GH.
1456 2596 1470 2640 Η
1502 2600 1540 2629 15
1565 2608 1707 2630 senum:

194 2660 318 2682 renum
344 2656 422 2683 ante
447 2662 537 2682 corr.
565 2652 604 2683 G.
633 2648 648 2693 ΙΙ
678 2652 718 2682 16
744 2652 911 2693 adpleum
936 2655 1014 2683 aule
1038 2662 1128 2684 corr.
1154 2653 1200 2685 H.
1223 2652 1238 2696 Η
1263 2656 1301 2685 17
1328 2653 1405 2685 1000
1434 2654 1528 2686 GcL:
1554 2654 1641 2685 loeti
1668 2656 1708 2697 G,

193 2705 278 2738 locu
304 2707 339 2738 H
364 2706 463 2747 (lacu
487 2706 545 2747 lc).
577 2705 592 2748 Η
625 2707 665 2738 18
691 2711 846 2750 quatuor
869 2716 902 2738 ’1.
928 2707 1007 2741 XX.
1035 2709 1074 2740 G.
1107 2705 1122 2751 Η
1156 2711 1196 2741 19
1214 2713 1297 2741 sunt
1324 2709 1411 2749 (sint
1436 2710 1458 2749 l)
1484 2719 1635 2750 magna:
1660 2712 1710 2742 sic

197 2762 274 2794 GH.
301 2759 318 2804 ΙΙ
350 2763 424 2796 uti:
454 2763 503 2794 sic
529 2763 605 2795 GH.
643 2760 658 2805 [Ι
692 2764 732 2794 21
759 2763 955 2794 sublimata
982 2763 1009 2795 G
1039 2762 1091 2804 (lzc
1118 2770 1150 2796 et
1175 2770 1252 2796 ante
1276 2775 1364 2797 corr.
1392 2764 1433 2805 l):
1460 2764 1647 2797 sublinata
1672 2766 1709 2797 H

195 2816 290 2857 (chc
314 2822 346 2849 et
377 2823 454 2850 ante
485 2829 574 2851 corr.
598 2818 644 2859 Ιι).
672 2816 687 2859 ΙΙ
715 2820 757 2850 22
782 2822 952 2860 poterunt
975 2820 1022 2850 lc:
1059 2822 1219 2861 poterint
1251 2821 1316 2852 GH
1347 2819 1418 2859 (L).
1450 2818 1465 2862 ΙΙ
1496 2821 1538 2851 23
1571 2821 1708 2853 adflatu

195 2871 339 2912 (afflatu
367 2873 476 2914 1Ιοε.);
515 2874 652 2906 abflatu
684 2874 751 2906 GH
776 2874 880 2915 (Llc).
912 2872 927 2917 ΙΙ
958 2875 1001 2906 24
1025 2875 1161 2918 reliqas
1187 2882 1264 2907 ante
1289 2886 1378 2907 corr.
1406 2876 1453 2906 ll.
1477 2873 1491 2917 Η
1514 2878 1556 2908 25
1581 2877 1706 2909 bistio—

192 2927 248 2960 las
276 2928 314 2960 G.
346 2926 363 2971 ΙΙ
393 2930 435 2960 27
461 2932 666 2972 spectetent
693 2930 731 2964 G.
763 2928 778 2973 Η
809 2932 851 2963 ‘28
869 2930 1031 2963 inutilia:
1055 2932 1243 2964 inuestilia
1267 2935 1344 2962 ante
1369 2941 1458 2962 cor-r.
1487 2931 1524 2964 G.

1352 2986 1435 3026 10ss
