1909 3322
182 623 201 653 ἰῒὶ

161 962 201 992 10

166 1658 206 1688 16

229 234 283 274 62
880 234 1090 265 VITRUVII

229 345 487 393 infernates,
533 338 647 394 quod
679 352 733 378 ex
762 337 921 392 apricis
953 336 1057 377 locis
1088 335 1392 390 adportantur,
1424 331 1622 373 meliores
1654 336 1751 372 sunt

231 426 359 467 quam
391 421 500 464 quae
530 406 585 447 ab
616 406 762 461 opacis
794 404 848 445 de
880 402 1183 459 supernatibus
1214 400 1501 442 advehuntur.

341 477 562 528 Quantum
600 473 743 514 animo
775 471 1049 514 considerare
1078 470 1219 526 potui,
1261 468 1315 509 de
1347 467 1481 523 copiis
1514 480 1622 522 quae
1653 471 1752 508 sunt
1776 474 1796 504 3

227 544 492 586 necessariae
530 543 575 582 in
611 540 907 581 aedificiorum
945 535 1338 593 comparationibus
1379 533 1614 591 et.quibus
1644 539 1749 574 tem-

226 611 440 668 peraturis
492 625 514 651 e
563 623 707 650 rerum
756 614 909 649 natura
959 606 1270 662 principiorum
1319 602 1478 644 habere
1522 600 1753 642 videantur

226 680 481 720 mixtionem
514 691 708 734 quaeque
739 676 887 717 insunt
916 675 962 715 in
994 672 1175 728 singulis
1214 670 1447 726 generibus
1487 670 1672 710 virtutes
1711 674 1751 709 et

226 748 348 800 vitia,
380 747 443 787 uti
474 760 560 787 non
592 745 678 786 sint
708 744 858 798 ignota
887 740 1215 783 aedificantibus
1248 738 1442 795 exposui.
1492 738 1554 778 ita
1584 737 1657 793 qui
1678 751 1750 792 po-

224 815 387 856 tuerint
419 828 564 855 eorum
595 817 922 868 praeceptorum
954 809 1076 865 sequi
1107 807 1470 864 praescriptiones
1502 810 1626 845 erunt
1653 819 1750 860 pru-

227 883 464 935 dentiores,
498 880 851 935 singulorumque
881 892 1088 933 generum
1117 890 1240 917 usum
1285 874 1445 930 eligere
1475 879 1677 929 poterunt
1707 872 1751 912 in

227 950 442 1006 operibus.
509 962 610 1003 ergo
650 947 850 1002 quoniam
890 946 943 986 de
980 942 1333 1001 apparationibus
1373 946 1438 982 est
1471 940 1750 997 explicatum,

226 1020 271 1059 in
303 1017 455 1059 ceteris
489 1014 780 1057 voluminibus
812 1014 865 1054 de
895 1013 1003 1069 ipsis
1033 1011 1243 1052 aedificiis
1283 1015 1543 1065 exponetur,
1585 1014 1626 1048 et
1663 1008 1749 1063 pri-

226 1101 343 1127 mum
385 1085 438 1126 de
484 1084 661 1125 deorum
707 1080 1000 1122 inmortalium
1036 1079 1218 1120 aedibus
1259 1077 1391 1118 sacris
1431 1082 1472 1117 et
1510 1076 1564 1116 de
1605 1090 1750 1116 earum

227 1153 489 1211 symmetriis
536 1158 577 1192 et
614 1148 987 1206 proportionibus,
1025 1148 1089 1188 uti
1128 1145 1231 1188 ordo
1262 1143 1474 1201 postulat,
1505 1142 1749 1199 insequenti

226 1220 503 1278 perscribam.

620 1477 894 1526 LIBER
947 1473 1360 1525 TERTIUS.

342 1647 580 1703 Delphicus
611 1646 767 1703 Apollo
799 1646 1019 1688 Socratem
1051 1644 1240 1686 onmium
1271 1641 1637 1698 sapientissimum
1664 1640 1749 1695 Py-
1778 1646 1792 1676 1

229 1715 345 1756 thiae
366 1715 584 1770 responsis
608 1721 672 1755 est
703 1714 936 1770 professus.
996 1714 1033 1754 is
1054 1718 1197 1753 autem
1228 1715 1487 1751 memoratur
1517 1707 1752 1764 prudenter

231 1783 564 1837 doctissimeque
588 1781 767 1835 dixisse,
801 1780 1040 1837 oportuisse
1062 1779 1281 1821 hominum
1313 1784 1486 1833 pectora
1515 1776 1751 1816 fenestrata

231 1858 272 1892 et
292 1857 441 1907 aperta
472 1864 578 1903 esse,
609 1850 673 1890 uti
694 1864 779 1890 non
810 1847 999 1890 occultos
1029 1846 1238 1887 haberent
1269 1860 1418 1887 sensus
1450 1844 1526 1886 sed
1557 1848 1750 1900 patentes

230 1918 285 1959 ad
325 1917 698 1958 considerandum.
774 1916 937 1957 utinam
982 1930 1085 1956 vero
1103 1928 1266 1967 ,rerum
1303 1919 1456 1954 natura
1494 1911 1750 1953 sententiam

232 1986 321 2026 eius
345 1991 489 2025 secuta
511 1983 726 2040 explicata
757 1990 798 2024 et
828 1983 1081 2040 apparentia
1114 1997 1163 2023 ea
1195 1981 1506 2022 constituisset.
1567 1979 1604 2020 si
1637 1978 1750 2018 enim

231 2055 291 2094 ita
321 2053 490 2104 fuisset,
522 2066 606 2092 non
637 2050 773 2092 solum
804 2050 953 2092 laudes
983 2056 1057 2091 aut
1086 2050 1195 2091 vitia
1223 2048 1463 2089 animorum
1492 2046 1548 2086 ad
1577 2060 1750 2086 manum

233 2121 549 2175 aspicerentur,
583 2118 658 2159 sed
681 2119 807 2159 etiam
831 2117 1158 2173 disciplinarum
1183 2116 1388 2157 scientiae
1420 2114 1500 2155 sub
1532 2113 1748 2155 oculorum

233 2188 577 2229 consideratione
600 2185 818 2226 subiectae
838 2201 923 2226 non
945 2185 1122 2226 incertis
1144 2183 1318 2224 iudiciis
1341 2182 1640 2239 probarentur,
1674 2180 1749 2221 sed

234 2262 275 2296 et
306 2255 444 2296 doctis
486 2259 528 2295 et
559 2253 794 2295 scientibus
825 2253 1058 2294 auctoritas
1090 2251 1266 2307 egregia
1299 2255 1340 2292 et
1371 2249 1539 2291 stabilis
1570 2247 1748 2289 addere-

325 2452 339 2480 1
369 2448 619 2494 adldueuntur
650 2446 687 2477 H
719 2445 961 2485 (advehuntur
985 2446 1079 2487 Lle):
1120 2444 1348 2476 adducuntur
1375 2444 1411 2475 G.
1453 2440 1467 2485 Ι]
1506 2443 1524 2474 7
1558 2444 1640 2474 sunt
1671 2446 1749 2473 ante

233 2517 302 2537 ras.
343 2506 378 2537 G.
424 2502 440 2547 [J
482 2506 502 2536 8
542 2505 812 2545 praeceptorem
850 2508 927 2534 ante
968 2513 1058 2534 corr.
1097 2502 1142 2533 H.
1180 2497 1196 2543 ΙΙ
1242 2501 1283 2532 10
1319 2498 1621 2541 apparationibus
1656 2498 1746 2529 doaz

236 2560 528 2604 apparitionibus
557 2560 631 2591 Gll.
665 2556 680 2600 [l
713 2559 751 2589 11
786 2561 983 2600 exponetur
1008 2559 1055 2589 L:
1084 2557 1274 2598 exponitur
1301 2556 1366 2587 GH
1392 2554 1463 2595 (le).
1495 2553 1510 2596 Η
1550 2556 1589 2585 12
1616 2555 1746 2585 inmor-

235 2619 360 2650 talium
389 2617 454 2649 GH
480 2615 607 2657 <Lllzc):
642 2614 849 2645 mortalium
874 2616 913 2646 elz
940 2614 986 2655 (ut
1012 2625 1047 2655 p.
1074 2614 1126 2649 64,
1153 2614 1197 2643 28
1222 2617 1255 2643 el
1280 2612 1333 2650 68,
1359 2610 1430 2652 20).

324 2695 487 2738 Explicit
512 2684 574 2727 lib.
600 2694 648 2726 ΙΙ.
688 2693 831 2734 incipit.
849 2693 915 2725 III.
944 2693 981 2734 G,
1008 2692 1102 2723 liber
1127 2691 1304 2722 secundus
1324 2689 1475 2731 explicit
1499 2688 1630 2729 incipit
1654 2687 1747 2719 liber

234 2754 364 2784 tertius
388 2753 426 2784 H
463 2750 518 2791 (L,
550 2750 613 2781 lit».
647 2747 728 2780 scd‘s
763 2748 912 2790 explicit
937 2748 1066 2789 incipit
1090 2746 1183 2779 liber
1207 2747 1336 2777 tertius
1361 2748 1380 2782 Ι,
1406 2745 1537 2786 incipit
1560 2744 1653 2775 liber
1678 2747 1747 2775 ter-

235 2809 305 2839 tius
330 2807 502 2840 victruvii
527 2806 570 2849 e).

327 2877 367 2906 17
391 2883 585 2917 responsus
610 2878 687 2905 ante
711 2882 801 2904 corr.
829 2872 875 2903 ll.
910 2869 925 2913 ΙΙ
958 2871 999 2902 19
1026 2871 1186 2903 fenestra
1203 2869 1232 2901 Sc
1250 2869 1290 2901 Ε.
1324 2867 1339 2911 {l
1371 2870 1411 2900 19
1429 2870 1617 2910 patentes:
1645 2878 1747 2910 aper-

237 2933 292 2961 tas
320 2930 360 2960 E.
