1899 3322
130 567 150 597 ΕΦ

577 253 640 282 DE
670 251 1027 283 ARcfflTEcTURA
1059 253 1150 282 LIB.
1183 253 1282 282 vm.
1616 240 1694 282 193

175 355 267 396 flati
299 355 344 395 vi
375 355 496 395 venti
529 354 666 395 coacti
696 352 929 395 bullientes
952 354 1100 395 crebre
1131 368 1207 410 per
1237 353 1376 394 fontes
1399 352 1694 409 egrediuntur.

177 438 233 464 ex
261 422 328 463 his
360 429 505 463 autem
537 423 610 478 qui
641 436 726 463 non
757 428 856 462 sunt
886 422 1026 478 aperti
1057 420 1133 462 sed
1169 421 1223 462 ab
1255 422 1374 463 saxis
1407 422 1694 474 continentur,

175 505 252 547 per
281 497 487 545 angustas
520 504 652 531 venas
674 489 949 530 vehementia
979 490 1155 545 spiritus
1186 489 1475 530 extruduntur
1495 488 1551 529 ad
1582 504 1694 529 sum-

175 573 266 599 mos
303 572 553 613 grumorum
583 556 785 599 tumulos.
846 557 991 612 itaq-ue
1023 557 1097 612 qui
1132 563 1286 612 putant
1325 563 1443 598 tanta
1475 571 1520 598 se
1550 555 1695 597 altitu-

176 625 277 666 dine
308 640 391 681 qua
423 632 521 667 sunt
552 625 694 680 grumi
725 624 867 680 capita
899 624 1081 664 fontium
1113 623 1229 664 fossa
1260 623 1438 676 habere,
1472 639 1567 665 cum
1597 638 1695 680 ape-

175 695 291 734 riunt
332 692 524 735 fosstu·as
562 692 691 734 latius
730 692 1019 748 decipiuntm·.
1085 706 1270 747 namque
1306 693 1371 732 uti
1407 706 1589 732 aeneum
1620 706 1697 732 vas

174 776 261 802 non
289 762 335 801 in
366 762 543 802 summis
583 760 716 801 labris
755 758 929 816 plenum
961 759 1037 800 sed
1074 774 1211 815 aquae
1242 773 1468 800 mensurae
1499 774 1599 800 suae
1630 774 1697 799 ca-

176 830 377 885 pacitatis
416 828 579 869 habens
619 843 641 868 e
678 827 817 869 tribus
858 827 965 868 duas
1010 833 1154 883 partes
1193 826 1527 883 operculumque
1565 829 1609 868 in
1650 842 1697 868 eo

177 896 445 938 conlocatum
456 921 477 950 7*
508 911 603 937 cum
634 897 748 951 ignis
780 895 1026 936 vehementi
1064 895 1236 936 fervore
1274 901 1478 950 tangatur
1508 894 1696 950 percale-

175 964 270 1005 fieri
301 965 415 1019 cogit
454 979 631 1021 aquam,
673 978 719 1004 ea
751 970 894 1004 autem
926 970 1101 1020 propter
1130 962 1370 1003 naturalem
1399 963 1623 1004 raritatem
1654 964 1698 1003 in

176 1047 222 1073 se
259 1033 470 1088 recipiens
509 1032 695 1074 fervoris
728 1030 918 1071 validam
957 1031 1223 1072 inflationem
1260 1046 1345 1072 non
1382 1031 1509 1072 modo
1547 1029 1699 1087 implet

176 1114 254 1141 vas
286 1100 363 1141 sed
404 1099 630 1157 spiritibus
664 1098 873 1141 extollens
906 1097 1154 1154 operculum
1186 1105 1227 1139 et
1266 1113 1460 1139 crescens
1491 1098 1697 1151 abundat,

176 1167 345 1209 sublato
376 1174 520 1209 autem
551 1166 751 1223 operculo
784 1167 950 1207 emissis
990 1166 1286 1208 inflationibus
1325 1167 1370 1207 in
1399 1181 1496 1207 aere
1534 1167 1700 1223 patenti

175 1251 322 1276 rursus
353 1235 409 1276 ad
441 1251 563 1276 suum
594 1234 735 1277 locum
766 1233 940 1287 residit,
972 1234 1028 1274 ad
1060 1233 1242 1275 eundem
1274 1234 1447 1275 modum
1479 1248 1526 1274 ea
1559 1235 1701 1289 capita

175 1303 360 1344 fontium
391 1318 487 1344 cum
516 1310 616 1344 sunt
646 1304 858 1358 angustiis
891 1316 1149 1358 compressa,
1180 1308 1310 1343 ruunt
1342 1303 1386 1342 in
1418 1317 1582 1343 summo
1613 1303 1698 1357 spi—

176 1372 285 1412 ritus
316 1386 454 1427 aquae
484 1370 687 1425 bullitus,
727 1369 855 1412 simul
884 1377 1027 1411 autem
1059 1376 1159 1410 sunt
1190 1369 1318 1410 latius
1349 1370 1510 1425 aperti,
1552 1370 1698 1410 exani-

177 1439 283 1480 mati
314 1453 391 1494 per
411 1439 611 1480 raritates
642 1437 833 1494 liquidae
864 1437 1091 1493 potcstatis
1122 1435 1319 1478 residunt
1343 1444 1384 1478 ct
1414 1437 1702 1478 restituuntur

178 1508 223 1548 in
254 1506 501 1548 libramenti
532 1507 852 1562 proprietatem.

293 1574 444 1616 Omnis
484 1581 627 1615 autem
657 1588 767 1629 aqua
800 1572 940 1614 calida
978 1572 1074 1614 ideo
1107 1573 1281 1629 quidem
1314 1580 1376 1614 est
1413 1572 1699 1614 medicamen-

177 1649 271 1684 tosa
316 1641 431 1698 quod
468 1643 513 1682 in
559 1641 696 1698 privis
737 1641 866 1682 rebus
906 1647 1103 1696 percocta
1139 1640 1268 1682 aliam
1307 1642 1512 1682 virtutem
1548 1641 1701 1696 recipit

178 1710 232 1751 ad
269 1725 408 1751 usum.
468 1724 653 1765 namque
684 1708 930 1765 sulphurosi
968 1708 1108 1749 fontes
1140 1723 1369 1749 nervorum
1410 1707 1576 1749 labores
1607 1708 1702 1748 refi-

181 1778 297 1818 ciunt
347 1776 719 1833 percalefaciendo
771 1776 1077 1831 exurendoque
1123 1775 1335 1817 caloribus
1384 1791 1405 1816 e
1452 1775 1702 1831 corporibus

180 1860 350 1886 umores
387 1845 583 1886 vitiosos.
650 1843 880 1885 aluminosi
917 1849 1080 1895 autem,
1131 1858 1226 1884 cum
1265 1842 1476 1884 dissoluta
1511 1842 1702 1883 membra

181 1927 405 1968 corporum
442 1911 632 1969 paralysi
670 1918 743 1952 aut
781 1910 923 1967 aliqua
955 1912 1000 1951 vi
1030 1910 1169 1951 morbi
1200 1918 1475 1967 receperunt,
1515 1909 1702 1951 fovendo

180 1995 256 2038 per
294 1987 491 2037 patentes
522 1994 654 2020 venas
692 1979 1065 2033 refrigerationem
1097 1979 1309 2019 contraria
1341 1977 1493 2020 caloris
1525 1979 1570 2018 vi
1606 1978 1701 2018 refi-
1727 1990 1735 1999 “

181 2049 319 2102 ciunt,
362 2055 403 2090 et
433 2048 513 2089 hoc
544 2048 813 2089 continenter
843 2047 1131 2088 restituuntur
1161 2046 1206 2086 in
1235 2047 1458 2102 antiquam
1488 2045 1700 2086 membro-

273 2166 288 2195 1
318 2163 466 2196 crebrae
492 2163 543 2200 Ii,
583 2163 708 2204 crebre
736 2161 798 2193 EG
831 2161 891 2202 (L,
926 2162 1074 2193 crebere
1101 2163 1125 2198 I,
1158 2161 1284 2192 crebre
1318 2161 1463 2199 Lclcelzj.
1500 2159 1514 2202 Η
1549 2162 1567 2191 2
1595 2161 1640 2192 ab
1667 2161 1703 2197 (a

183 2221 317 2261 Schn.):
372 2224 436 2250 aut
475 2219 587 2250 EGH.
630 2216 644 2260 Η
689 2220 800 2250 4-18
838 2208 1303 2260 itaque—,proprietatem
1341 2228 1400 2250 om.
1440 2217 1481 2247 E.
1520 2214 1535 2258 Η
1578 2217 1703 2258 itaque

186 2277 245 2318 qui
271 2278 401 2318 putant
427 2278 531 2307 tanta
557 2276 629 2307 ed.:
656 2275 787 2316 Itaque
814 2278 968 2316 quutant
994 2275 1060 2306 GH
1086 2272 1148 2316 (L,
1175 2274 1305 2315 Itaque
1333 2273 1390 2315 qui
1416 2276 1520 2304 tanta
1548 2274 1600 2309 (1¹⁶⁸,
1629 2273 1699 2303 lta-

186 2343 252 2374 que
280 2332 340 2373 qui
365 2335 495 2373 putant
520 2331 578 2368 Le,
605 2331 732 2372 Itaque
758 2335 890 2372 putant
914 2331 968 2371 lv)⁴
994 2328 1009 2372 Η
1032 2333 1051 2363 5
1078 2331 1176 2362 fossa
1202 2341 1262 2372 eqo
1294 2329 1352 2370 (ef.
1376 2340 1409 2370 J).
1437 2331 1513 2365 205,
1540 2330 1571 2361 4.
1598 2338 1702 2370 posse

184 2388 294 2429 Joc.):
327 2388 449 2420 fossae
477 2387 590 2429 (fosse
622 2388 674 2424 Il,
703 2388 799 2429 fosse
828 2388 868 2427 G)
903 2387 979 2418 Gll.
1014 2384 1028 2428 Η
1060 2387 1078 2417 7
1104 2396 1222 2427 aquae
1248 2396 1436 2418 mensurae
1472 2391 1578 2426 taque
1605 2395 1702 2416 men-

184 2455 264 2486 sure
295 2444 368 2486 GL)
398 2444 463 2475 GH
490 2444 545 2484 (L,
573 2454 617 2475 ca
644 2454 761 2485 aquae
787 2454 830 2477 m.
857 2443 906 2480 elz,
938 2453 979 2474 ca
1006 2453 1074 2484 que
1100 2453 1142 2473 m.
1169 2442 1208 2484 l).
1239 2440 1255 2484 Η
1285 2444 1304 2475 8
1330 2442 1468 2473 habens
1494 2440 1609 2471 tribus
1637 2440 1703 2471 GH

186 2500 220 2540 (e
247 2501 326 2532 add.
353 2500 420 2541 ecl.)
450 2497 465 2542 Η
493 2500 773 2541 operculumque
793 2500 864 2531 e(I.:
893 2501 1128 2540 opertumque
1149 2499 1226 2531 Gll.
1246 2495 1262 2540 Η
1288 2499 1327 2529 14
1346 2497 1472 2528 residit
1499 2496 1556 2536 (cf.
1579 2508 1605 2528 υ.
1627 2497 1701 2536 17):

187 2555 321 2588 resedit
349 2556 427 2588 (ill.
459 2555 474 2598 Η
507 2566 550 2587 ea
576 2557 716 2598 capita:
749 2556 797 2587 sie
830 2555 906 2586 GH.
940 2551 954 2596 Η
994 2556 1034 2586 15
1061 2564 1270 2596 compressa
1295 2558 1402 2585 ruunt
1434 2554 1476 2585 G:
1512 2562 1702 2593 compraes-

187 2616 312 2644 serunt
338 2613 373 2643 ΙΙ
399 2611 440 2651 (e,
469 2615 783 2653 compracsserunt
810 2611 849 2647 L,
879 2615 1160 2652 compresserunt,
1184 2611 1214 2648 Ιι,
1243 2612 1524 2652 conpresscrunt
1549 2608 1585 2649 l),
1615 2606 1628 2650 Η
1664 2609 1702 2638 16

186 2672 270 2701 sunt
295 2668 421 2700 latius:
456 2671 505 2699 sic
532 2668 609 2703 GII,
644 2666 659 2711 Η
690 2670 728 2700 17
756 2667 944 2699 raritates:
976 2669 1025 2698 sic
1058 2666 1134 2699 GH.
1170 2665 1184 2709 Η
1213 2666 1391 2698 residunt:
1423 2667 1472 2695 sic
1505 2664 1579 2698 (ill.
1611 2662 1626 2705 Η
1664 2665 1704 2695 18

186 2726 446 2767 proprietatem
473 2725 544 2757 ed.:
571 2727 651 2755 —tc
681 2724 756 2755 Gll.
783 2722 797 2765 Η
821 2724 860 2755 19
886 2722 1027 2764 quidem
1046 2723 1137 2755 -loc.:
1165 2722 1257 2763 quod
1275 2721 1447 2762 (sic->Em
1476 2719 1516 2761 (ΓΙ
1540 2720 1566 2751 G
1585 2719 1668 2760 (Ll').

188 2783 230 2814 20
254 2780 367 2822 privis
391 2791 451 2822 egyo
477 2780 576 2820 (aliis
598 2780 653 2820 f):
680 2780 805 2821 pravis
832 2778 935 2810 EGII
961 2778 1021 2818 (L,
1048 2779 1196 2820 paravis
1221 2785 1269 2813 cc,
1296 2777 1418 2819 parvis
1443 2776 1491 2816 Ιι).
1515 2774 1530 2817 Η
1553 2777 1594 2806 22
1620 2785 1704 2807 exu-

189 2837 317 2868 rendo:
354 2838 403 2868 sic
434 2836 546 2868 EGII.
582 2833 597 2878 Η
633 2837 675 2867 24
700 2835 908 2877 receperint
937 2834 996 2866 Ec.
1031 2832 1046 2877 Η
1081 2836 1124 2866 ‘25
1158 2833 1477 2876 refrigerationem
1509 2833 1581 2865 ed.:
1616 2842 1703 2863 —nc

189 2892 300 2924 ΕΘΗ.
339 2890 355 2934 Η
395 2892 528 2924 caloris
559 2893 595 2924 vi
620 2893 714 2924 decu:
742 2891 882 2924 calores
908 2891 943 2922 vi
970 2892 1006 2929 G,
1035 2890 1155 2923 calore
1182 2890 1237 2922 sui
1262 2889 1332 2920 Ell
1358 2888 1460 2929 (Lle).
1490 2885 1505 2931 Η
1532 2888 1574 2919 ‘26
1600 2892 1636 2920 et
1661 2886 1705 2929 (&

189 2949 274 2989 ΕΗ)
301 2948 385 2980 hoc:
411 2949 460 2980 sic
484 2948 596 2980 EGII.

235 3005 387 3038 Vi'rnuv.
414 3014 458 3035 m:
486 3014 634 3036 Ancmr.
1386 3002 1435 3042 13

1727 972 1766 1002 10

1728 1311 1768 1341 15
