1899 3322
582 226 644 255 DE
675 226 1030 259 ARcmTEcTURA
1063 231 1153 260 [ΑΒ.
1188 232 1234 260 11.
1614 223 1663 263 [31

146 327 343 381 egregios
382 327 427 366 in
465 327 675 368 aedificiis
715 328 768 367 ad
802 328 1129 371 diuturnitatem
1169 339 1359 387 praestat
1389 349 1507 387 usus,
1541 340 1582 375 et
1614 334 1667 375 de

145 393 211 434 his
242 393 392 447 rebus,
426 395 785 450 quemadmodum
817 396 1046 438 videantur
1078 413 1099 438 e
1120 398 1309 441 locorum
1331 401 1666 457 proprietatibus

144 460 303 501 habere
340 462 448 502 vitia
478 468 551 503 aut
583 463 796 517 virtutes,
834 465 900 505 uti
931 465 1017 505 sint
1049 467 1423 510 considerantibus
1453 470 1667 525 apertiora

145 543 370 585 exponam.
438 531 595 572 montis
634 531 888 587 Appennini
926 533 1091 587 primae
1128 534 1295 576 radices
1334 536 1388 576 ab
1429 537 1666 593 Tyrrenico
1693 550 1723 581 x*

144 597 251 637 mari
295 597 407 638 inter
455 596 590 654 Alpes
637 604 678 638 et
717 606 931 641 extremas
971 600 1173 641 Etruriae
1218 603 1417 656 regiones
1457 605 1665 646 oriuntur.

144 664 234 705 eius
274 678 376 706 vero
414 666 572 706 montis
604 666 752 721 iugum
785 682 830 708 se
863 668 1159 723 circumagens
1192 676 1233 710 et
1264 670 1405 711 media
1436 679 1664 714 curvatura

143 746 275 788 prope
306 738 487 787 tangens
519 747 613 774 oras
645 734 774 775 maris
806 734 1020 776 Hadriani
1052 737 1261 792 pertingit
1293 738 1665 781 circumitionibus

143 806 291 840 contra
330 799 501 841 fretum.
576 802 722 857 itaque
763 803 935 844 citerior
974 804 1064 845 eius
1104 811 1334 845 curvatura
1378 822 1485 862 quae
1523 809 1665 863 vergit

142 867 198 907 ad
229 867 433 909 Etruriae
465 868 811 926 Campaniaeque
842 872 1041 926 regiones
1072 872 1231 927 apricis
1271 880 1334 914 est
1365 876 1665 929 potestatibus.

142 949 326 991 namque
363 936 550 992 impetus
591 936 722 978 habet
760 945 991 994 perpetuos
1022 939 1078 979 ad
1111 939 1212 981 solis
1245 956 1428 982 cursum.
1488 942 1665 984 ulterior

141 993 284 1044 autem
324 1018 432 1059 quae
472 1010 535 1045 cst
566 1003 806 1059 proclinata
836 1006 892 1046 ad
924 1021 1125 1062 superum
1156 1023 1293 1062 mare,
1340 1010 1664 1065 septentrionali

140 1070 308 1125 regioni
348 1071 541 1112 subiecta
579 1073 825 1114 continetur
863 1074 1077 1116 umbrosis
1118 1081 1159 1116 et
1190 1077 1333 1130 opacis
1365 1079 1664 1134 perpetuitati-

140 1138 235 1180 bus.
315 1139 461 1194 itaque
511 1154 621 1195 quae
665 1140 710 1180 in
758 1155 806 1180 ea
852 1148 974 1198 parte
1020 1150 1255 1184 nascuntur
1297 1144 1472 1186 arbores
1519 1146 1665 1187 umida

140 1211 353 1262 potestate
402 1207 591 1248 nutritae
640 1222 724 1249 non
775 1207 911 1249 solum
962 1210 1081 1265 ipsae
1129 1218 1342 1266 augentur
1386 1212 1663 1269 amplissimis

139 1273 541 1328 magnitudinibus,
594 1276 670 1316 sed
729 1272 877 1316 earum
925 1292 1094 1333 quoque
1146 1293 1282 1320 venae
1332 1281 1491 1321 umoris
1542 1282 1663 1337 copia

141 1341 330 1397 repletae
351 1348 573 1397 turgentes
596 1342 775 1399 liquoris
806 1344 1072 1385 abundantia
1094 1353 1354 1388 saturantur.
1397 1363 1491 1389 cum
1522 1357 1664 1390 autem

142 1410 314 1450 excisae
362 1416 403 1450 et
449 1409 619 1452 dolatae
658 1411 836 1452 vitalem
878 1419 1135 1468 potestatem
1172 1416 1416 1469 amiserint,
1458 1432 1663 1458 venarum

140 1478 282 1532 rigore
304 1484 582 1533 permanente
614 1479 889 1520 siccescendo
921 1487 1095 1536 propter
1125 1483 1345 1523 raritatem
1376 1484 1483 1525 fiunt
1513 1485 1663 1526 inanes

141 1551 182 1586 et
214 1544 452 1599 evanidae‚
490 1545 673 1602 ideoque
712 1548 756 1588 in
795 1547 1005 1589 aedificiis
1044 1564 1129 1590 non
1167 1557 1348 1606 possunt
1378 1551 1537 1593 habere
1569 1554 1660 1594 diu-

139 1613 404 1654 turnitatem.
473 1629 581 1669 quae
619 1622 763 1655 autem
800 1614 855 1655 ad
894 1615 994 1657 solis
1027 1631 1199 1658 cursum
1231 1620 1525 1673 spectantibus
1557 1620 1660 1662 locis

139 1687 433 1737 procreantur,
466 1697 551 1723 non
571 1681 777 1723 habentes
800 1683 1140 1726 interveniorum
1161 1686 1358 1727 raritates
1391 1688 1659 1730 siccitatibus

141 1755 345 1790 exsuctae
377 1747 638 1803 solidantur,
680 1751 780 1806 quia
821 1751 884 1792 sol
914 1767 998 1793 non
1030 1753 1155 1794 modo
1195 1768 1248 1794 ex
1279 1760 1390 1794 terra
1431 1755 1659 1798 lambendo

141 1816 216 1857 sed
249 1817 378 1857 etiam
410 1831 464 1857 ex
494 1817 721 1858 arboribus
755 1818 898 1859 educit
928 1835 1111 1861 umores.
1172 1821 1316 1876 itaque
1347 1837 1455 1878 quae
1485 1830 1584 1864 sunt
1614 1825 1659 1864 111

138 1884 296 1940 apricis
341 1884 589 1939 regionibus
635 1886 787 1941 spissis
834 1901 1039 1928 venarum
1082 1888 1387 1930 crebritatibus
1435 1890 1657 1944 solidatae,

139 1966 224 1993 non
270 1951 430 1993 habent
471 1967 524 1993 ex
562 1967 709 1994 umore
751 1954 986 1995 raritatem.
1055 1970 1163 2011 quae
1203 1971 1298 1998 cum
1345 1958 1389 1997 111
1433 1960 1656 1999 materiem
1684 1993 1697 2001 „

138 2018 428 2075 perdolantur,
460 2020 648 2062 reddunt
677 2035 854 2076 magnas
884 2022 1095 2065 utilitates
1126 2024 1181 2065 ad
1217 2031 1492 2066 vetustatem.
1561 2027 1656 2067 ideo

229 2251 249 2281 3
274 2250 348 2280 sint
382 2250 475 2281 Joc.:
515 2253 640 2281 essent
678 2249 781 2289 (ΞΜ
819 2249 859 2292 G)
900 2251 977 2284 GH.
1015 2250 1032 2294 H
1066 2254 1086 2283 4
1112 2263 1288 2295 exponam
1326 2255 1396 2287 ed.:
1438 2265 1653 2297 exponerem

139 2303 283 2343 (—ner‹':
311 2304 350 2344 G)
386 2304 462 2337 GII.
495 2302 511 2348 [l
541 2306 674 2337 montis
707 2307 777 2337 ed.:
805 2310 945 2339 montes
972 2309 1008 2339 Il
1034 2306 1144 2349 (Lle),
1172 2311 1295 2341 mortis
1322 2310 1398 2347 (sie)
1427 2311 1464 2344 G.
1497 2309 1511 2353 ΙΙ
1544 2322 1654 2354 apen-

137 2361 215 2392 nini
242 2361 280 2394 G.
313 2358 328 2403 Η
358 2361 566 2402 tyrrhenico
592 2362 630 2393 H
655 2362 837 2402 (—renico
857 2363 1001 2404 Heldo),
1028 2364 1243 2405 thyrhenico
1271 2367 1308 2398 G.
1340 2364 1355 2408 ΙΙ
1388 2368 1406 2398 5
1431 2367 1526 2398 inter
1543 2367 1655 2409 Alpes

138 2419 176 2448 et
214 2419 394 2449 extremas
426 2419 537 2450 Rode:
576 2418 710 2459 inalpis
744 2423 779 2450 et
812 2420 1032 2452 inextremas
1070 2421 1146 2453 GH.
1185 2420 1200 2463 Η
1239 2424 1256 2454 7
1289 2422 1456 2454 hadriani
1489 2424 1525 2454 ll
1562 2424 1652 2464 (Ll):

139 2472 282 2504 adriani
309 2473 336 2504 G
362 2472 442 2514 (cle).
476 2471 490 2516 l}
521 2475 540 2505 9
566 2474 728 2515 regionis
754 2481 832 2507 ante
856 2486 946 2508 corr.
975 2477 1020 2507 H.
1052 2475 1066 2520 ΙΙ
1099 2479 1140 2509 12
1158 2479 1299 2520 regioni
1319 2477 1443 2519 (GcL):
1472 2490 1558 2511 —ne
1588 2481 1653 2511 GH

139 2528 231 2569 (leole,
259 2529 360 2560 —nis
387 2529 431 2571 c).
461 2527 476 2571 ΙΙ
508 2531 546 2561 16
572 2530 735 2572 repletae
764 2534 951 2574 turgentes
985 2531 1366 2576 (zreplSzsszm-gentes
1393 2535 1452 2575 L):
1486 2536 1650 2577 repletae

140 2584 238 2624 (—te
267 2586 305 2624 G,
331 2588 414 2627 —te
442 2584 467 2627 l)
493 2590 667 2628 urgentes
696 2587 761 2618 GlI
788 2590 823 2628 (l,
851 2587 987 2629 replete
1010 2587 1015 2627 1
1037 2594 1210 2631 urgentes
1236 2592 1291 2631 cle,
1320 2591 1455 2633 replete
1487 2593 1650 2632 urgentis

140 2639 212 2681 GC).
245 2638 260 2683 Η
294 2642 333 2672 17
367 2642 555 2673 amiserint
587 2643 653 2674 GH
678 2642 787 2683 (LI‹·):
827 2644 1028 2676 amiserunt
1061 2646 1116 2677 GC.
1151 2644 1164 2688 [J
1199 2648 1239 2678 18
1271 2652 1506 2688 permanente
1535 2649 1649 2679 Peru:

137 2700 393 2737 permanentes
421 2698 496 2731 GH.
528 2695 543 2740 Ιῖ
575 2699 807 2731 siccescendo
839 2700 892 2731 [lc
917 2699 995 2742 (L):
1028 2702 1256 2734 sicciscendo
1284 2704 1310 2733 G
1335 2708 1367 2734 et
1391 2708 1467 2734 (mle
1499 2714 1587 2736 corr.
1616 2705 1651 2735 H

138 2751 208 2791 (ze).
239 2750 254 2795 ΙΙ
286 2755 329 2785 20
355 2754 400 2785 ab
428 2754 515 2785 solis
542 2764 683 2786 cursum
713 2756 753 2786 le.
787 2753 801 2796 [Ι
841 2757 880 2787 21
915 2758 1197 2789 interveniorum
1222 2759 1312 2791 doc-,1
1351 2759 1446 2790 inter
1475 2769 1648 2791 venarum

140 2808 216 2839 GH.
249 2806 264 2850 Η
295 2810 337 2840 22
365 2813 513 2852 exsucte
542 2810 609 2841 GH
625 2809 693 2851 (LI.
716 2815 843 2853 exncte
859 2813 923 2851 ele).
953 2811 967 2855 Η
999 2816 1040 2846 ‘23
1058 2816 1191 2846 umoris
1217 2820 1294 2846 aule
1320 2826 1409 2848 corr.
1430 2815 1475 2845 ll.
1507 2812 1521 2858 [Ι
1552 2817 1646 2858 Itaq,

138 2872 206 2905 que
240 2867 323 2896 sunt.
357 2866 398 2896 G:
426 2866 522 2907 Itaq;
555 2865 608 2906 (le,
640 2867 697 2899 Ita
723 2878 789 2909 que
821 2867 866 2907 L)
906 2873 989 2901 sunt
1020 2871 1065 2905 ll,
1099 2869 1114 2912 ΙΙ
1145 2872 1187 2902 ‘35
1219 2871 1356 2902 habent
1393 2881 1472 2913 eqo:
1510 2871 1648 2905 haben-

137 2921 192 2950 tes
221 2920 297 2951 GH.

1693 619 1712 649 U!
1692 573 1703 581 ι

1692 958 1734 988 10

1691 1296 1731 1326 15
