1909 3322
156 849 188 877 11.
211 847 248 885 De
267 854 332 871 venr

229 886 273 907 us.

170 940 244 965 Vitr.
265 939 288 969 1,
307 940 332 964 6.

351 187 433 229 288
591 197 653 226 DE
684 195 897 226 DIVERsls
929 194 1142 225 FABmeIs
1174 191 1622 224 ARCHITEOTONICAE.

352 310 573 353 ποσοτητα
603 303 774 339 vocant.
833 297 1051 354 quantitas
1085 302 1149 337 est
1179 294 1329 338 modus
1362 293 1626 348 singulorum
1656 292 1866 334 membro-

350 382 445 409 rum
488 367 694 407 universo
739 363 1002 420 respondens
1041 363 1173 420 operi.
1233 361 1461 417 dispositio
1500 366 1565 401 est
1601 366 1702 415 apta
1737 360 1866 401 rebus

352 433 624 475 conclavium
660 432 896 485 institutio,
937 438 979 472 et
1016 431 1156 486 operis
1195 429 1331 469 futuri
1367 430 1505 470 forma
1541 426 1680 468 tribus
1717 427 1867 482 figuris

353 502 509 554 divisa,
543 515 652 556 quae
682 514 707 539 a
738 498 916 540 Graecis
948 499 1045 539 ιδεα
1074 495 1330 553 appellatur.
1382 495 1487 535 haec
1517 499 1616 534 sunt
1647 508 1748 548 ergo
1778 500 1865 534 tres

351 568 529 623 figurae,
561 565 885 622 ichnographia,
917 563 1236 620 orthographia,
1269 560 1593 616 scenographia.
1641 560 1866 615 ichnogra-
1893 571 1909 601 5

351 635 454 691 phia
485 642 549 676 est
580 649 704 675 areae
735 632 805 674 vel
837 631 915 674 soli
948 639 989 673 et
1020 631 1396 672 fundamentorum
1427 628 1675 683 descriptio.
1726 628 1868 669 ortho-

352 702 536 758 graphia
577 708 641 743 est
676 701 861 742 laterum
901 706 941 740 et
979 697 1222 740 altitudinis
1263 686 1491 738 extructio.
1559 695 1870 752 seenographia

354 777 418 811 est
448 769 602 810 frontis
635 775 676 810 et
706 769 838 809 totius
870 767 1010 822 operis
1041 781 1118 821 per
1147 765 1359 820 picturam
1391 762 1594 804 ostensio.

465 837 629 877 Ferunt
665 836 840 892 quidam
870 832 1221 890 philosophorum
1252 830 1570 872 Eratosthenen
1599 830 1869 871 mathemati-

354 906 414 947 cis
445 903 684 945 rationibus
718 909 759 943 et
788 902 1060 957 geometricis
1092 898 1307 940 methodis
1345 896 1649 954 aequinoctiali
1679 904 1870 954 tempore
1897 908 1909 937 1

354 988 430 1030 per
466 973 743 1027 gnomonicas
780 970 955 1010 umbras
987 968 1102 1009 orbis
1133 974 1273 1008 terrae
1304 966 1445 1021 spatia
1476 979 1569 1006 esse
1600 965 1793 1005 metitum
1829 971 1870 1006 et

355 1042 417 1082 sic
454 1046 591 1080 certos
628 1044 855 1078 ventorum
894 1036 1099 1077 didicisse
1136 1034 1278 1075 flatus.
1337 1040 1484 1074 tenere
1522 1047 1622 1087 ergo
1662 1033 1869 1073 orientem

358 1105 717 1164 aequinoctialem
746 1103 1075 1158 <subsolanum,
1107 1101 1334 1142 meridiem
1363 1106 1570 1152 austrum,
1603 1100 1869 1141 occidentem

356 1172 743 1231 aequinoctialem>
796 1171 1040 1224 favonium,
1095 1169 1467 1225 <septentriones>
1521 1167 1868 1223 septentrionem.

360 1244 473 1284 inter
512 1248 675 1283 ceteros
717 1246 862 1280 tamen
900 1237 1175 1279 Andronicus
1206 1236 1430 1292 Cyrrestes
1471 1249 1567 1275 cum
1605 1241 1700 1276 octo
1732 1234 1909 1274 ventis]

355 1310 503 1352 orbem
533 1316 672 1350 terrae
702 1308 795 1362 regi
826 1306 1146 1358 adseverasset,
1188 1302 1377 1360 exempli
1408 1317 1536 1343 causa
1565 1302 1751 1342 Athenis
1781 1307 1870 1342 tur-

354 1379 437 1419 rim
473 1390 753 1417 marmoream
792 1381 1046 1428 octagonam
1083 1371 1290 1424 instituit,
1330 1372 1376 1411 in
1407 1384 1489 1426 qua
1526 1369 1735 1423 imagines
1766 1383 1870 1408 ven-

355 1452 497 1486 torum
527 1443 717 1499 sculptas
749 1448 896 1484 contra
927 1456 1023 1482 suos
1057 1440 1262 1495 cuiusque
1292 1438 1419 1479 flatus
1451 1437 1691 1489 ordinavit,
1723 1450 1869 1491 supra-

357 1528 438 1569 que
482 1513 622 1568 ipsam
666 1511 819 1552 turrim
862 1516 1020 1549 metam
1065 1520 1347 1547 marmoream
1388 1505 1532 1561 posuit
1570 1510 1611 1544 et
1649 1504 1869 1545 Tritonem

358 1594 539 1621 aeneum
570 1577 812 1619 conlocavit
849 1583 891 1617 et
927 1577 988 1617 ita
1019 1582 1083 1617 est
1121 1573 1364 1616 modulatus
1402 1579 1450 1613 ut
1481 1586 1577 1612 cum
1608 1577 1761 1611 ventus
1794 1570 1869 1611 ali·
1896 1582 1909 1611 ξ

358 1649 453 1704 quis
484 1645 749 1701 adspirasset
780 1644 963 1699 quodam
994 1648 1208 1684 momento
1238 1642 1283 1682 in
1313 1655 1420 1696 gyro
1451 1645 1651 1694 ageretur
1680 1645 1721 1679 et
1743 1653 1872 1694 supra

359 1721 487 1772 caput
525 1714 615 1754 eius
655 1713 877 1753 resisteret
909 1717 950 1752 et
981 1710 1162 1751 dextera
1191 1723 1320 1749 manu
1350 1708 1519 1762 virgam
1549 1713 1699 1747 tenens
1731 1706 1872 1762 ipsum

358 1797 452 1825 esse
496 1781 671 1822 flantem
715 1785 985 1821 monstraret.
1045 1779 1191 1833 itaque
1237 1790 1329 1817 esse
1366 1776 1479 1816 inter
1515 1773 1792 1815 subsolanum
1831 1780 1873 1813 et

358 1856 551 1892 austrum
596 1849 652 1889 ad
699 1847 908 1888 orientem
952 1846 1182 1886 hibernum
1220 1858 1389 1895 eurum,
1436 1842 1550 1882 inter
1594 1848 1787 1882 austrum
1831 1846 1872 1880 et

358 1918 581 1960 favonium
610 1915 666 1956 ad
697 1915 967 1957 occidentem
1005 1912 1232 1953 hibernum
1269 1910 1471 1962 africum,
1510 1910 1621 1950 inter
1650 1908 1871 1950 favonium
1897 1919 1909 1949 Ξ

360 1992 401 2027 et
432 1983 767 2041 septentrionem
788 1981 1007 2034 chaurum,
1041 1994 1166 2035 quem
1198 1978 1373 2034 quidam
1395 1991 1538 2018 corum
1560 1982 1730 2030 vocant,
1761 1976 1873 2016 inter

360 2052 696 2108 septentrionem
737 2055 778 2089 et
817 2047 1095 2090 subsolanum
1131 2046 1387 2101 aquilonem.
1446 2044 1527 2085 hoc
1565 2043 1691 2085 modo
1728 2049 1769 2084 et
1798 2057 1871 2084 no-

358 2121 476 2161 mina
507 2125 548 2159 et
577 2123 723 2174 partes
755 2123 796 2157 et
825 2130 1025 2157 numeros
1056 2120 1283 2155 ventorum
1313 2113 1422 2153 scire
1453 2117 1650 2167 coeptum
1672 2117 1750 2152 est.
1796 2110 1872 2151 sed

452 2272 468 2301 1
494 2268 659 2311 posotita
689 2277 753 2307 vpy
786 2244 969 2306 (sed‘zvfirz
1000 2276 1105 2305 mccry.
1135 2261 1356 2302 uocoTnTa).
1390 2259 1404 2303 Η
1441 2263 1460 2293 3
1492 2260 1592 2302 operi
1619 2271 1656 2301 p.
1688 2257 1702 2302 Η
1738 2261 1760 2291 4
1789 2258 1872 2291 idea

359 2338 438 2369 vpy.
465 2324 481 2369 Η
512 2325 606 2356 haec
631 2334 666 2356 v:
703 2323 771 2354 hae
801 2333 859 2363 pff.
892 2320 906 2363 Η
939 2324 958 2353 5
989 2321 1223 2364 ortographia
1257 2318 1330 2359 (om.
1358 2317 1390 2358 v)
1421 2318 1455 2348 in
1485 2326 1586 2357 marg.
1618 2321 1663 2347 vc.
1701 2313 1715 2357 Η
1752 2317 1772 2347 6
1803 2315 1873 2347 soli

359 2389 458 2426 vpycz
489 2380 572 2414 solii
603 2384 679 2412 ante
704 2390 774 2411 ras.
799 2389 832 2420 9.
863 2376 878 2420 Η
910 2380 929 2410 9
961 2378 1183 2420 philosm·um
1211 2387 1247 2418 p.
1279 2372 1293 2417 Η
1333 2373 1592 2405 eratosthenen
1623 2383 1682 2413 vp,
1716 2374 1871 2402 —tenen

358 2451 390 2482 9.
423 2437 437 2482 Η
471 2440 512 2470 1Ο
536 2435 729 2469 methodiis
759 2445 832 2476 vpy.
864 2432 878 2476 Η
912 2435 949 2465 11
982 2434 1209 2475 gnominicas
1233 2444 1261 2464 v.
1300 2428 1315 2472 Η
1352 2431 1391 2461 12
1421 2434 1548 2461 tenere
1580 2438 1664 2470 ergo
1695 2427 1871 2459 orientem

362 2491 893 2536 aequinoctialem.favonium
913 2490 1221 2531 ‚septentrionem
1253 2497 1317 2528 qu
1348 2485 1424 2525 (sed
1445 2491 1483 2526 9⁰
1513 2486 1602 2515 inter
1629 2485 1686 2515 lin.
1718 2484 1797 2515 add.
1827 2493 1872 2514 eae

367 2551 517 2583 Vitruvio
549 2554 627 2581 ante
660 2547 845 2579 favonium
878 2547 975 2577 llaec:
1014 2542 1388 2578 solanum.ameridie
1420 2544 1580 2572 austrum
1603 2567 1610 2574 .
1633 2539 1870 2571 aboecidente

362 2605 603 2649 equinoctiali
634 2609 666 2635 et
694 2607 771 2644 post
803 2603 988 2634 favonium
1019 2603 1118 2634 llaec:
1158 2597 1487 2642 aseptentrionali).
1536 2607 1626 2628 corr.
1658 2595 1750 2628 Mar.
1782 2592 1798 2637 Η
1831 2595 1871 2625 15

363 2665 459 2695 inter
477 2665 617 2694 ceteros
632 2677 673 2682 ——
689 2659 809 2690 orbem
828 2668 888 2691 om.
905 2669 940 2699 p.
966 2656 982 2700 Η
1004 2658 1208 2698 androgeus
1227 2656 1299 2696 cy(i
1313 2653 1513 2695 v>renensis
1530 2663 1570 2693 vy
1587 2650 1692 2692 (corr.
1711 2650 1831 2691 Mar.).
1852 2650 1866 2692 Η

365 2721 404 2751 16
429 2718 555 2750 turrim
577 2724 632 2758 9⁶:
665 2719 797 2747 turrem
824 2725 886 2754 vpgy
910 2713 967 2753 (z
990 2715 1077 2746 Vitr.
1103 2725 1136 2755 p.
1165 2714 1218 2749 25,
1245 2711 1292 2752 4).
1319 2708 1334 2752 Η
1368 2710 1406 2739 17
1433 2710 1649 2749 octagonam
1681 2717 1739 2747 vp:
1773 2709 1870 2737 octo-

364 2785 495 2817 gonam
519 2781 586 2815 ²²⁶9·
617 2771 632 2815 Η
664 2774 705 2805 18
731 2781 793 2803 suo
820 2782 852 2811 p.
884 2768 898 2812 Η
932 2773 971 2801 19
997 2771 1123 2801 turrim
1146 2780 1191 2810 pq
1217 2767 1275 2809 (Ξ
1305 2769 1391 2801 Vitr.
1416 2779 1450 2809 p.
1477 2770 1530 2806 25,
1558 2766 1609 2808 6):
1635 2769 1769 2798 turrem
1793 2778 1820 2798 υ.
1851 2763 1866 2808 Η

362 2832 405 2863 20
430 2830 633 2862 modolatus
658 2841 687 2860 v.
721 2826 736 2870 Η
767 2829 808 2859 22
833 2827 938 2867 virga
961 2838 996 2867 p.
1026 2824 1041 2868 Η
1072 2826 1114 2857 26
1141 2825 1329 2857 ehaurum:
1354 2824 1403 2855 sie
1427 2834 1500 2864 vpgy.
1524 2821 1539 2865 Η
1567 2833 1686 2854 corum
1710 2829 1765 2865 9⁶:
1793 2832 1868 2854 cor-

363 2896 445 2919 uum
472 2898 512 2927 vp
537 2891 569 2917 et
593 2890 670 2917 (mle
695 2894 765 2917 ras,
789 2894 821 2925 y.
