1909 3322
245 204 300 245 52
903 210 1112 240 virnuvn

248 315 415 355 civitati
447 314 650 367 stigmata
680 313 970 368 inponentem.
1030 312 1127 353 ideo
1158 318 1301 353 autem
1332 318 1482 368 postea
1512 313 1672 354 Rhodii
1701 328 1765 353 re-

246 382 407 436 ligione
446 379 630 435 inpediti
670 379 784 435 quod
823 379 944 420 nefas
984 386 1048 421 est
1086 386 1262 435 tropaea
1300 379 1499 420 dedicata
1536 381 1765 433 removeri,

246 450 359 489 circa
398 462 492 488 eum
531 446 671 488 locum
716 446 961 488 aedificium
1000 452 1252 488 struxerunt
1292 453 1332 487 et
1368 447 1414 487 id
1454 453 1596 488 erecta
1633 447 1767 488 Graia

245 516 428 556 statione
458 520 662 556 texerunt
691 529 745 555 ne
777 515 849 570 qui
881 521 1028 571 posset
1058 515 1265 571 aspicffle,
1299 520 1340 556 et
1372 514 1417 555 id
1452 516 1620 568 αβοετον
1650 516 1766 556 voci-

243 583 324 624 tari
355 583 586 624 iusserunt.

358 650 467 692 Cum
499 665 599 705 ergo
630 657 717 691 tam
747 665 904 705 magna
936 651 1126 706 potentia
1155 664 1278 705 reges
1310 665 1395 692 non
1427 651 1767 707 contempserint
1793 663 1834 695 16

244 718 536 759 latericiorum
574 719 787 774 parietum
826 723 1085 772 structuras,
1127 717 1283 774 quibus
1323 725 1364 759 et
1405 717 1693 773 vectigalibus
1726 725 1767 760 et

243 785 405 842 praeda
436 786 608 841 saepius
640 785 806 826 licitum
837 785 976 826 fuerat
1008 799 1091 825 non
1112 784 1239 826 modo
1266 786 1543 827 caementicio
1569 792 1643 827 aut
1665 801 1765 842 qua-

243 854 366 894 drato
407 868 511 894 saxo
550 853 625 894 sed
665 853 793 894 etiam
834 867 1071 894 marmoreo
1102 853 1282 907 habere,
1322 869 1407 895 non
1437 859 1539 910 puto
1571 860 1768 909 oportere

178 930 219 960 10
244 920 462 977 inprobari
498 935 606 976 quae
637 927 736 961 sunt
761 935 782 960 e
804 919 999 961 latericia
1021 927 1236 961 structura
1266 920 1380 961 facta
1410 921 1630 975 aedificia,
1664 922 1765 962 dum

244 988 370 1029 modo
401 994 517 1028 recte
554 989 640 1028 sint
669 993 795 1028 tecta.
858 987 933 1028 scd
964 987 1010 1028 id
1040 1003 1175 1043 genus
1209 987 1314 1044 quid
1344 989 1406 1029 ita
1436 1003 1460 1028 a
1491 987 1649 1044 populo
1681 989 1764 1030 Ro-

242 1070 368 1097 mano
399 1057 443 1096 in
474 1054 579 1096 urbe
611 1055 701 1095 fieri
733 1070 818 1095 non
849 1062 1044 1111 oporteat
1075 1071 1300 1112 exponam,
1334 1070 1526 1112 quaeque
1558 1057 1644 1097 sint
1675 1056 1765 1097 eius

243 1125 306 1163 rei
339 1137 491 1164 causae
524 1129 564 1163 et
594 1123 782 1163 rationes
807 1138 892 1164 non
922 1124 1276 1178 praetermittam.
1323 1123 1440 1178 leges
1462 1123 1660 1179 publicae
1681 1139 1766 1165 non
1793 1133 1833 1164 17

243 1191 465 1246 patiuntur
494 1191 676 1231 maiores
708 1190 1017 1232 crassitudines
1049 1206 1176 1247 quam
1207 1190 1529 1247 sesquipedales
1562 1192 1764 1233 constitui

178 1246 334 1299 151on
371 1259 598 1300 communi.
651 1259 783 1299 ceteri
818 1265 961 1299 autem
1000 1259 1207 1314 parietes,
1254 1273 1306 1298 ne
1341 1259 1481 1315 spatia
1515 1260 1766 1314 angustiora

242 1326 360 1379 fiant,
384 1325 534 1367 eadem
557 1325 841 1367 crassitudine
857 1325 1149 1367 conlocantur.
1181 1325 1365 1367 latericii
1381 1341 1484 1367 vero
1507 1327 1590 1368 nisi
1607 1327 1763 1383 diplin-

242 1393 323 1434 thii
339 1399 412 1434 aut
428 1392 660 1449 triplinthii
675 1393 849 1447 fuerint,
873 1393 1164 1449 sesquipedali
1182 1393 1469 1435 crassitudine
1483 1409 1569 1435 non
1585 1401 1765 1451 possunt

243 1460 339 1516 plus
370 1475 498 1501 unam
530 1461 742 1502 sustinere
773 1462 1151 1516 contignationem.
1211 1462 1255 1502 in
1287 1476 1335 1502 ea
1365 1468 1509 1503 autem
1539 1463 1763 1504 maiestate

242 1527 362 1568 urbis
385 1533 426 1568 et
448 1529 607 1569 civium
636 1528 805 1570 infinita
835 1528 1078 1585 frequentia
1108 1528 1443 1570 innumerabiles
1476 1529 1764 1572 habitationes

176 1604 218 1634 20
244 1610 349 1652 opus
380 1602 444 1636 est
473 1595 703 1651 explicare.
746 1610 846 1651 ergo
879 1611 973 1637 cum
1003 1597 1193 1653 recipere
1220 1612 1304 1638 non
1333 1603 1480 1653 posset
1509 1612 1608 1638 area
1636 1599 1765 1655 plana

243 1669 406 1703 tantam
427 1663 747 1705 multitudinem
777 1663 833 1704 ad
855 1664 1140 1705 habitandum
1161 1664 1205 1705 in
1226 1664 1347 1718 urbe,
1379 1665 1434 1705 ad
1463 1665 1676 1708 auxilium
1704 1667 1762 1707 al-

242 1730 441 1772 titudinis
462 1731 756 1772 aedificiorum
777 1746 844 1772 res
867 1733 962 1788 ipsa
985 1732 1126 1786 coegit
1148 1731 1366 1773 devenire.
1414 1733 1559 1789 itaque
1581 1733 1680 1790 pilis
1703 1734 1761 1774 la-

242 1798 383 1855 pideis
413 1800 639 1840 structuris
675 1800 874 1840 testaceis
904 1800 1142 1855 parietibus
1183 1800 1474 1842 caementiciis
1510 1800 1762 1842 altitudines

244 1872 465 1906 extructae
488 1874 528 1907 et
550 1866 942 1921 contignationibus
962 1866 1124 1908 crebris
1143 1874 1349 1908 coaxatae
1366 1868 1691 1911 coenaculorum
1708 1869 1763 1909 ad

245 1948 432 1974 summas
469 1933 680 1975 utilitates
718 1935 947 1990 perficiunt
993 1935 1328 1990 dispertitiones.
1398 1950 1498 1991 ergo
1537 1938 1762 1978 moenibus

245 2015 267 2040 e
305 2001 700 2055 contignationibus
746 2003 877 2042 variis
923 2002 1009 2044 alto
1050 2003 1188 2058 spatio
1235 2002 1533 2059 multiplicatis
1579 2004 1761 2060 populus

244 2068 462 2108 Romanus
493 2069 687 2123 egregias
719 2068 849 2110 habet
880 2070 973 2111 sine
1003 2070 1270 2126 inpeditione
1300 2069 1602 2113 habitationes.

199 593 218 623 ει

176 1940 195 1970 10

200 1940 219 1971 0¹

337 2229 353 2259 1
380 2227 461 2260 ideo
495 2229 596 2261 Lon:
630 2227 665 2259 id
695 2229 770 2262 GH.
805 2227 818 2270 Η
850 2231 869 2260 2
896 2232 1024 2271 tropea
1052 2230 1119 2262 GH
1145 2229 1205 2271 (L,
1239 2231 1392 2273 trophea
1417 2230 1471 2273 lc).
1502 2228 1517 2274 Η
1557 2235 1630 2264 est:
1665 2235 1761 2265 esset

248 2284 289 2317 L.
329 2282 343 2326 Η
381 2287 400 2316 3
426 2287 552 2316 eracta
578 2289 655 2315 (mle
680 2295 770 2316 corr.
800 2285 837 2316 G.
871 2283 885 2327 Η
916 2287 936 2316 4
961 2296 1005 2318 ne
1032 2286 1092 2327 qui
1109 2286 1175 2318 GH
1198 2284 1255 2327 (L,
1282 2297 1399 2328 neque
1425 2290 1454 2320 Ic
1487 2286 1584 2330 [neq3
1611 2289 1652 2327 (h,
1677 2299 1759 2331 neq:

244 2338 303 2380 e]).
333 2337 349 2383 Η
379 2341 539 2372 abathon
567 2340 642 2372 GH.
675 2338 689 2382 Η
721 2342 740 2370 G
766 2350 871 2382 reges
888 2342 979 2375 doen:
1006 2342 1103 2384 regis
1131 2343 1207 2376 GH.
1240 2340 1255 2385 Η
1288 2345 1568 2386 contempserint
1595 2343 1758 2386 H(Lle):

244 2400 371 2427 ——runt
405 2397 442 2430 G.
481 2394 495 2439 Η
532 2398 552 2428 8
585 2396 706 2437 praede
733 2398 753 2437 I,
792 2397 824 2435 (e
855 2398 1101 2438 vectigalibus
1134 2398 1183 2439 et)
1210 2398 1319 2440 prede
1345 2399 1394 2433 eh.
1435 2397 1449 2441 Η
1489 2401 1529 2431 10
1562 2401 1760 2442 improbari

248 2452 347 2483 Phia:
374 2452 568 2493 inprobare
597 2452 671 2483 GH.
704 2450 718 2494 Η
759 2454 795 2482 11
824 2453 897 2483 sint
923 2454 960 2484 Il
986 2454 1143 2494 (Gthe):
1171 2457 1254 2485 sunt
1282 2455 1319 2486 G.
1353 2452 1367 2497 Η
1394 2455 1448 2486 ita
1473 2466 1494 2486 a
1522 2456 1565 2487 G:
1600 2457 1654 2488 ita
1681 2456 1756 2496 (om.

246 2507 280 2546 a)
308 2508 345 2538 H
369 2506 495 2547 (Liceh,
521 2508 574 2539 ita
601 2508 636 2538 in
662 2513 739 2539 ante
764 2519 853 2539 corr.
880 2508 916 2547 I).
950 2507 965 2551 Η
999 2512 1038 2541 12
1064 2511 1136 2542 sint
1166 2511 1272 2543 Plzil.:
1306 2512 1492 2543 sunffGH.
1526 2509 1540 2555 Η
1575 2514 1614 2545 13
1646 2514 1758 2555 Legis

246 2568 322 2594 ante
348 2574 437 2596 corr.
466 2564 512 2595 H.
543 2561 558 2605 Η
588 2563 677 2594 fiant
701 2574 778 2604 690:
807 2564 934 2596 fierent
961 2566 1035 2597 GH.
1063 2564 1077 2608 Η
1110 2567 1149 2597 17
1177 2566 1433 2608 sesquipedale
1459 2573 1537 2599 ante
1562 2579 1652 2600 corr.
1682 2570 1720 2601 G.
1741 2568 1755 2610 ξ

249 2620 289 2649 18
314 2618 394 2659 plus
419 2629 526 2650 unam
553 2620 590 2650 ll
616 2618 724 2660 (La->2
751 2619 832 2661 plus
864 2621 931 2660 qua
955 2624 1024 2653 una
1050 2623 1128 2662 (sed
1150 2624 1197 2652 iffi
1222 2623 1255 2652 in
1280 2633 1349 2656 ras.
1371 2623 1429 2664 Ge)
1459 2624 1495 2655 G.
1528 2623 1543 2665 Η
1575 2625 1757 2666 contigra-

245 2675 381 2706 tionem
412 2679 488 2707 anle
517 2686 606 2707 corr.
639 2675 676 2707 G.
717 2673 731 2717 Η
764 2677 801 2706 19
828 2676 1069 2709 habitationis
1100 2681 1178 2708 [mle
1203 2688 1292 2711 corr.
1319 2679 1367 2711 H.
1401 2677 1416 2720 Η
1448 2681 1490 2710 20
1521 2682 1645 2721 posset
1671 2690 1757 2712 area

247 2730 358 2770 plana
374 2732 464 2762 .Joe.:
492 2734 643 2773 possunt
667 2741 750 2762 area
768 2731 921 2771 planata
948 2734 986 2763 ll
1002 2732 1105 2774 (Lle),
1133 2736 1283 2774 possunt
1304 2744 1410 2765 areae
1436 2734 1586 2776 planate
1615 2736 1652 2769 G.
1678 2733 1693 2777 Η
1714 2737 1756 2767 23

249 2788 507 2818 caexnentaciis
535 2776 610 2828 (sic)
637 2787 674 2817 Il
692 2786 770 2828 (cle).
796 2784 810 2829 Η
832 2788 874 2817 24
901 2791 936 2818 et
963 2788 1036 2829 (0771.
1058 2788 1136 2829 GH)
1163 2790 1241 2820 aad.
1264 2790 1367 2823 Rode.
1389 2787 1404 2831 Η
1428 2791 1755 2832 contigrationibus

248 2846 324 2872 ante
356 2853 444 2874 corr.
476 2845 593 2874 iterum
620 2843 656 2875 G.
692 2839 706 2884 Η
743 2843 785 2873 25
810 2842 1084 2884 dispertitiones
1115 2855 1176 2885 eqo
1209 2843 1493 2886 (disparationes
1532 2846 1754 2891 lVesseIiny):

247 2895 533 2937 dispectationes
560 2899 626 2929 GH
651 2897 706 2939 (L,
732 2898 1006 2940 desperationes
1031 2900 1087 2940 Ic).
