1899 3322
553 220 614 249 DE
647 219 1002 251 ARCHITECTURA
1036 224 1124 254 LIB.
1157 225 1223 254 111.
1598 217 1650 257 79

127 319 290 360 tudine.
350 318 508 360 deinde
546 334 619 360 eae
656 320 795 362 lineae
827 322 1078 365 dividantur
1108 326 1169 366 ita
1198 333 1245 367 ut
1276 333 1477 382 quattuor
1506 334 1650 383 partes

129 392 170 426 et
191 385 375 427 dimidia
397 386 477 428 sub
497 387 632 429 abaco
655 387 968 444 relinquantur.
1009 397 1111 431 tunc
1132 393 1176 432 in
1209 408 1255 434 co
1287 393 1394 449 loco,
1428 396 1500 450 qui
1531 395 1648 437 locus

128 452 287 494 dividit
327 460 529 509 quattuor
566 461 608 496 et
647 455 873 496 dimidiam
911 464 953 498 et
989 464 1077 498 tres
1117 466 1158 500 et
1205 460 1428 502 dimidiam
1466 470 1647 519 partem,

131 527 327 561 centrum
349 521 461 563 oculi
484 529 668 578 ponatur
698 524 978 580 signeturque
1010 539 1065 565 ex
1096 541 1145 567 eo
1177 534 1321 569 centro
1352 531 1537 571 rotunda
1568 532 1646 572 cir-

127 588 285 629 cinatio
317 595 404 629 tam
436 604 591 644 magna
621 591 665 630 in
697 590 907 633 diametro
938 607 1063 648 quam
1095 608 1180 634 una
1210 609 1308 650 pars
1342 610 1395 636 ex
1427 605 1520 639 octo
1552 613 1646 654 par·
1674 611 1693 641 5

125 655 241 696 tibus
281 663 359 697 est.
427 671 475 697 ea
507 658 588 698 erit
619 658 730 699 oculi
761 660 1014 714 magnitudo
1047 667 1088 701 et
1117 661 1163 701 in
1193 676 1240 701 ea
1273 663 1441 705 catheto
1472 681 1646 722 respon-

126 722 230 763 dens
254 723 488 765 diametros
510 731 678 779 agatur.
729 733 832 768 tunc
852 727 907 768 ab
939 742 1104 768 summo
1137 728 1217 769 sub
1248 729 1380 772 abaco
1412 733 1646 789 inceptum,

124 791 169 830 in
208 790 396 845 singulis,
421 798 707 834 tetrantorum
737 795 980 836 actionibus
1012 795 1286 837 dimidiatum
1318 798 1429 839 oculi
1460 802 1645 855 spatium

123 858 363 912 minuatur,
404 859 600 916 doneque
637 862 682 902 in
721 862 905 903 eundem
943 869 1172 906 tetrantem
1203 866 1277 920 qui
1308 873 1372 906 est
1403 867 1483 908 sub
1513 868 1645 909 abaco

124 925 283 966 veniat.
343 926 521 983 capituli
550 935 693 969 autem
725 929 966 971 crassitudo
998 932 1059 971 sic
1091 938 1152 972 est
1184 932 1380 974 facienda
1411 941 1458 975 ut
1490 949 1543 975 ex
1574 951 1643 977 no-
1674 950 1713 979 10

122 1007 219 1033 vem
240 994 436 1049 partibus
459 1002 500 1036 et
522 995 704 1037 dimidia
723 1003 810 1038 tres
842 1004 984 1053 partes
1015 999 1337 1054 praependeant
1368 1002 1481 1042 infra
1511 1010 1643 1044 astra-

121 1059 264 1115 galum
297 1063 451 1103 summi
483 1064 616 1118 sca-pi,
648 1066 849 1120 cymatio,
881 1065 1084 1122 adempto
1114 1067 1248 1108 abaco
1281 1075 1321 1109 et
1353 1069 1514 1122 canali7
1546 1070 1643 1112 reli—

122 1143 206 1183 qua
242 1129 299 1169 sit
330 1144 443 1184 pars.
509 1132 753 1186 proiectura
791 1140 935 1174 autem
973 1135 1151 1190 cymatii
1181 1135 1338 1177 habeat
1369 1144 1490 1178 extra
1522 1138 1645 1179 abaci

121 1197 328 1251 quadram
366 1196 477 1238 oculi
514 1200 871 1253 magnitudinem.
940 1200 1217 1257 pulvinorum
1256 1203 1387 1245 baltei
1426 1205 1481 1246 ab
1511 1205 1643 1246 abaco

120 1263 230 1304 hanc
260 1263 446 1306 habeant
477 1267 764 1320 proiecturam
794 1269 858 1309 uti
890 1270 1041 1310 circini
1073 1277 1265 1310 centrum
1296 1287 1426 1313 unum
1460 1288 1555 1314 cum
1587 1274 1643 1314 sit
1672 1288 1710 1317 15

120 1332 307 1387 positum
346 1333 392 1373 in
431 1333 608 1388 capituli
646 1341 833 1376 tetrante
872 1342 913 1377 et
942 1336 1123 1377 alterum
1155 1337 1385 1380 diducatur
1414 1340 1468 1380 ad
1501 1348 1640 1381 extre—

123 1413 236 1439 mum
290 1401 550 1456 cymatium,
603 1402 908 1444 circumactmn
955 1404 1191 1446 balteorum
1237 1413 1451 1448 extremas
1497 1415 1640 1463 partes

119 1472 283 1521 tangat.
331 1482 435 1509 axes
457 1467 701 1510 volutarum
720 1485 774 1511 ne
795 1473 1028 1513 crassiores
1058 1473 1144 1514 sint
1176 1488 1301 1528 quam
1333 1474 1445 1516 oculi
1476 1477 1639 1530 magni-

120 1533 246 1587 tudo,
286 1535 542 1592 volutaeque
580 1537 700 1593 ipsae
739 1539 1017 1580 succidantur
1046 1539 1101 1580 ad
1131 1540 1374 1583 altitudinis
1405 1557 1508 1584 suae
1539 1543 1640 1584 duo-

121 1600 331 1642 decimam
360 1610 536 1658 partem.
598 1605 703 1646 hacc
735 1613 859 1648 crunt
890 1608 1167 1663 symmetriae
1199 1608 1498 1665 capitulorum,
1532 1625 1640 1666 quae
1666 1628 1707 1656 20

120 1667 341 1710 columnae
390 1670 561 1712 futurae
607 1680 707 1713 sunt
751 1673 805 1714 ab
849 1675 1025 1717 minimo
1071 1675 1126 1715 ad
1171 1676 1303 1732 pedes
1347 1689 1456 1718 XXV.
1531 1693 1640 1734 quae

120 1751 249 1792 supra
287 1744 411 1778 erunt
447 1738 635 1795 reliquas
674 1740 893 1782 habebunt
931 1741 987 1782 ad
1026 1742 1208 1783 eundem
1246 1743 1419 1792 modum
1454 1760 1637 1800 symme-

118 1806 223 1846 trias
238 1837 249 1858 ,
281 1804 439 1846 abacus
461 1813 602 1847 autem
627 1808 707 1848 erit
727 1807 881 1863 longus
905 1815 945 1850 ct
966 1808 1077 1851 latus
1110 1825 1234 1866 quam
1267 1826 1411 1852 crassa
1442 1811 1638 1853 columna

120 1878 184 1912 cst
223 1872 306 1912 ima
345 1872 513 1914 adiecta
553 1881 674 1929 parte
713 1887 838 1929 VIIII,
879 1877 942 1917 uti
983 1892 1064 1933 quo
1102 1878 1242 1919 minus
1283 1878 1482 1921 habuerit
1511 1879 1638 1921 altior

210 2000 226 2030 1
255 2009 320 2030 eae
346 2000 386 2030 II
408 1999 470 2040 (sic
488 1999 618 2032 deinde
633 1984 801 2034 aehbeae
826 2002 867 2033 II
889 2003 938 2040 ch,
965 2002 1083 2046 elinee
1101 2004 1142 2045 l):
1168 2004 1213 2046 he
1235 2006 1262 2037 G
1288 2004 1358 2046 (hie
1375 2006 1415 2039 L.
1435 2005 1503 2037 hae
1530 2006 1596 2049 hs).
1632 2006 1633 2047 l

118 2056 138 2086 ⁶2
165 2055 257 2087 abeo
283 2060 361 2087 ante
386 2066 474 2089 corr.
503 2057 550 2090 H.
583 2054 597 2099 ΙΙ
629 2057 883 2100 relinquantur
901 2059 928 2090 G
946 2058 1095 2101 (Llcelz):
1122 2065 1297 2102 —quatur
1324 2063 1360 2093 H
1377 2063 1427 2102 (l).
1455 2059 1469 2104 Η
1502 2064 1522 2094 4
1540 2063 1634 2094 oculi

119 2114 273 2153 ponatur
298 2112 535 2154 signeturque
562 2124 622 2155 eyo
649 2113 761 2154 (oculi
786 2115 952 2157 signetur
984 2115 1207 2158 ducaturque
1244 2117 1353 2157 doe.):
1388 2119 1485 2150 oculi
1516 2120 1635 2160 signe-

119 2172 249 2209 turque
274 2168 313 2199 Il
338 2168 393 2209 (lc,
421 2169 517 2200 oculi
536 2169 721 2211 signetur.
741 2171 826 2212 quia
850 2171 910 2213 L),
937 2172 1060 2204 oculi.
1079 2172 1321 2215 Signeturque
1343 2174 1380 2211 G,
1413 2173 1428 2216 Η
1459 2176 1479 2205 6
1497 2179 1634 2216 magni-

118 2223 205 2255 tudo
233 2224 324 2257 Gal.:
351 2224 480 2257 —dine
501 2226 577 2258 GH.
608 2223 623 2268 [J
655 2226 804 2258 catheto
821 2228 913 2261 Joc.:
941 2229 1139 2261 cathecton
1160 2230 1225 2260 GH
1243 2230 1338 2269 (Lelz,
1360 2231 1533 2262 catheton
1558 2233 1594 2272 l).

117 2280 137 2311 8
163 2282 423 2313 tetrantorum:
459 2282 509 2312 sic
537 2281 612 2314 GH,
644 2279 660 2323 ΙΙ
692 2283 710 2314 9
736 2282 900 2325 doneque
934 2284 1116 2324 (donicum
1147 2286 1238 2321 doc..
1273 2286 1427 2328 donique
1461 2287 1630 2326 Laelmz.):

117 2335 274 2378 denique
303 2337 369 2368 GH
395 2335 481 2377 (Ide,
510 2337 666 2379 deinque
696 2339 748 2376 (1¹⁶,
776 2338 906 2371 deinde
933 2346 1010 2372 ante
1035 2342 1097 2383 ips.
1115 2352 1205 2375 corr.
1232 2342 1268 2382 l).
1299 2340 1314 2384 Η
1347 2344 1481 2374 subaco
1508 2343 1633 2374 veniat

119 2392 156 2429 G,
183 2392 249 2424 sub
281 2392 525 2425 abconveniat
552 2394 602 2431 H,
635 2394 700 2426 sub
727 2395 1000 2428 abaeonveniat
1025 2397 1062 2437 (a
1085 2408 1191 2440 supra
1220 2399 1331 2430 (ιώ-(Ψ.
1357 2400 1390 2430 ἰιι
1418 2399 1465 2439 ΙΙ)
1496 2400 1545 2429 lle
1563 2398 1630 2438 (LI.

118 2448 182 2480 sub
209 2448 280 2480 aba
305 2447 454 2480 Eveniat
477 2450 526 2486 eh,
552 2450 618 2482 sub
645 2448 911 2494 abaconi’eniat
941 2453 1015 2493 Lc).
1049 2451 1064 2495 Η
1103 2456 1140 2485 11
1171 2454 1419 2496 astragaglum
1450 2459 1528 2486 ante
1559 2466 1628 2488 rus.

118 2504 165 2535 ll.
197 2502 212 2546 Η
245 2505 286 2536 12
312 2503 481 2546 adempto
507 2507 578 2539 ed.:
618 2507 751 2548 adepto
780 2507 856 2538 GH.
891 2505 905 2550 Η
938 2510 978 2540 13
1006 2510 1140 2550 cymati
1173 2511 1220 2543 Il.
1252 2508 1267 2552 Ι]
1299 2511 1434 2542 habeat
1466 2511 1530 2541 (ill
1566 2511 1629 2550 (eh,

116 2559 222 2592 hab&
246 2559 316 2601 LI).
349 2558 364 2604 Η
397 2562 437 2592 14
469 2561 584 2594 baltei
616 2563 662 2594 ab
695 2564 810 2595 abaco
847 2564 890 2595 li:
923 2564 1040 2596 baltei
1073 2565 1188 2597 abaco
1217 2567 1251 2596 ΙΙ
1276 2566 1339 2605 (L,
1373 2566 1487 2607 paltei
1513 2565 1629 2597 abaco

115 2616 165 2652 cle,
190 2615 316 2658 paldei
343 2617 460 2648 abaco
485 2617 521 2657 l).
549 2616 563 2659 Η
596 2619 637 2650 16
662 2619 858 2651 diducatur
885 2620 928 2653 G:
958 2620 1161 2665 deducatur
1187 2622 1222 2652 ll
1241 2622 1344 2662 (hle).
1374 2619 1388 2663 Η
1424 2623 1461 2653 17
1488 2621 1627 2663 palten-

116 2681 190 2703 rum
217 2672 285 2703 leel:
315 2671 534 2715 (plateorum
561 2679 638 2706 ante
671 2686 762 2707 corr.
787 2676 827 2715 l).
858 2674 872 2716 ΙΙ
912 2676 952 2707 18
978 2687 1022 2708 ne
1053 2677 1147 2709 doc-,z
1179 2688 1247 2709 nec
1282 2678 1356 2708 (ill.
1396 2675 1410 2718 Η
1445 2681 1527 2707 sunt
1551 2682 1628 2708 ante

115 2738 184 2761 ras,
212 2728 249 2760 G.
281 2726 296 2771 Η
330 2730 370 2761 19
397 2729 631 2762 succidantur
651 2731 695 2763 ad
715 2731 922 2763 altitudinis
948 2732 1060 2766 Mar-,2
1086 2734 1139 2765 sic
1168 2733 1342 2765 cedantur
1369 2732 1436 2765 (sic
1456 2732 1629 2775 cedantur

119 2784 172 2819 (1¹0,
198 2785 252 2816 sic
279 2784 456 2817 cedantur
481 2786 539 2824 Lc,
566 2787 802 2819 siccedantur
826 2787 850 2827 I)
884 2787 1093 2820 altitudinis
1122 2790 1197 2819 ῙιἸΙ.
1236 2787 1249 2828 Η
1289 2788 1332 2819 20
1356 2788 1446 2819 haec
1481 2789 1547 2819 till
1572 2790 1626 2828 (le,

116 2849 172 2881 hae
197 2828 310 2893 ΙΑΪΙΙ
349 2852 668 2896 capituloru.que
703 2855 747 2885 G:
786 2854 1098 2898 capitulorumque
1131 2857 1168 2888 Il
1199 2855 1302 2895 (laci.
1342 2853 1356 2897 ll
1394 2857 1435 2887 22
1468 2855 1627 2898 rcliquas

116 2906 227 2939 Rode:
255 2907 396 2949 reliqua
423 2909 500 2943 GH.
532 2908 546 2952 ΙΙ
578 2911 620 2941 24
646 2910 752 2942 VIIII
781 2911 849 2941 (ill
873 2909 960 2952 (Me,
987 2922 1082 2944 nona
1106 2923 1211 2954 supra
1236 2921 1302 2943 scr.
1330 2911 1400 2952 (1¹⁶).
