1909 3322
194 193 249 235 56
845 188 1054 231 vrrRUVIi

196 305 367 346 easdem
390 304 547 344 habent
568 304 681 344 inter
711 317 756 344 se
786 308 939 344 natura
968 318 1110 345 rerum
1141 303 1401 357 similitates,
1434 305 1511 346 sed
1543 305 1715 361 singula

196 387 352 428 genera
388 371 697 427 principiorum
735 370 1073 427 proprietatibus
1111 378 1358 427 comparata
1397 371 1503 414 alios
1534 372 1609 414 alii
1639 388 1711 428 ge—

197 440 309 480 neris
340 444 559 494 praestant
589 439 634 479 in
665 438 868 494 operibus
901 438 1090 479 effectus.
1159 445 1200 480 et
1237 440 1421 495 primum
1452 439 1572 481 abies
1603 442 1719 501 aeris
1741 449 1760 479 6

196 506 357 547 habens
380 504 611 562 plurimum
643 512 684 546 et
714 507 828 561 ignis
860 507 1171 562 minimumque
1200 507 1362 547 umoris
1395 512 1435 548 et
1464 510 1625 549 terreni
1656 508 1714 549 le·
1907 488 1909 552 l

150 586 170 614 5
196 573 390 614 vioribus
421 587 564 614 rerum
595 580 773 615 naturae
804 574 1091 630 potestatibus
1123 581 1370 630 comparata
1400 590 1486 616 non
1517 582 1581 616 est
1612 591 1715 632 pon-

196 639 362 680 derosa.
422 641 568 696 itaque
598 643 742 696 rigore
773 641 958 683 naturali
991 648 1189 683 contenta
1221 657 1308 683 non
1339 643 1422 683 cito
1453 641 1642 684 flectitur
1662 643 1716 684 ab

195 722 341 757 onere,
383 708 459 748 sed
499 708 664 752 directa
694 716 913 765 permanet
943 710 988 750 in
1020 710 1355 764 contignatione.
1416 710 1491 751 sed
1523 724 1572 751 ea
1603 711 1717 766 quod

195 773 325 815 habet
370 775 414 815 in
452 790 496 816 se
533 776 629 832 plus
671 776 844 830 caloris,
893 783 1089 834 procreat
1129 783 1169 818 et
1200 776 1277 818 alit
1309 778 1465 818 cariem
1496 778 1551 819 ab
1583 793 1717 834 eaque

196 842 390 895 vitiatur,
424 844 635 899 etiamque
667 843 763 885 ideo
796 843 994 885 celeriter
1031 843 1281 886 accenditur
1320 845 1435 901 quod
1466 861 1574 902 quae
1605 847 1718 888 inest

132 920 171 949 10
196 910 240 949 in
280 924 327 950 eo
366 924 543 966 corpore
579 912 691 952 aeris
733 912 908 964 raritas,
950 927 998 952 ea
1028 918 1075 953 ut
1107 919 1171 953 est
1202 919 1352 968 patens
1383 914 1542 970 accipit
1573 915 1717 969 ignem

198 982 238 1017 et
269 977 330 1017 ita
360 977 659 1019 vehementem
691 993 745 1020 ex
777 994 821 1026 se
851 980 986 1021 mittit
1016 980 1243 1021 flammam.
1305 995 1360 1022 ex
1391 996 1440 1022 ea
1469 988 1613 1023 autem
1643 997 1716 1022 an-
1744 990 1762 1021 7

197 1050 368 1100 tequam
408 1051 471 1086 est
503 1047 649 1087 excisa
680 1061 788 1102 quae
820 1062 916 1103 pars
950 1054 1014 1088 est
1044 1049 1243 1104 proxima
1273 1054 1412 1089 terrae
1443 1064 1519 1105 per
1548 1050 1716 1091 radices

197 1112 408 1168 recipiens
441 1127 492 1153 ex
524 1114 804 1169 proximitate
834 1129 1025 1155 umorem
1065 1115 1213 1157 enodis
1248 1122 1289 1157 et
1319 1115 1716 1172 quuida‘efficitur.

198 1193 306 1234 quae
336 1194 439 1220 vero
472 1186 534 1220 est
566 1182 787 1237 superior,
834 1182 1107 1223 vehementia
1145 1182 1299 1224 caloris
1339 1183 1504 1225 eductis
1544 1187 1589 1226 in
1618 1200 1718 1226 aera

132 1256 171 1286 15
196 1261 272 1302 per
302 1247 437 1289 nodos
469 1250 621 1302 ramis,
664 1251 858 1305 praecisa
899 1249 984 1290 alte
1024 1251 1196 1291 circiter
1234 1250 1366 1307 pedes
1398 1264 1461 1292 xx
1494 1259 1535 1293 et
1566 1252 1717 1308 perdo-

198 1312 284 1354 lata
315 1321 490 1371 propter
527 1316 772 1358 nodat-ionis
813 1316 1016 1358 duritiem
1048 1318 1210 1359 dicitur
1242 1333 1334 1360 esse
1365 1319 1572 1361 fusterna.
1634 1321 1719 1361 ima

196 1387 340 1422 autem
379 1396 473 1422 cum
513 1384 659 1424 excisa
697 1384 997 1439 quadrifluviis
1036 1385 1280 1441 disparatur
1320 1387 1455 1428 eiecto
1494 1386 1632 1429 torulo
1665 1402 1720 1429 ex

199 1448 347 1489 cadem
369 1449 520 1491 arbore
550 1450 604 1491 ad
638 1452 842 1493 intestina
873 1467 1000 1509 opera
1033 1459 1304 1509 comparatur
1336 1461 1377 1495 et
1408 1456 1613 1511 sappinea
1645 1470 1718 1497 vo-

200 1522 332 1556 catur.
375 1523 521 1558 contra
543 1532 643 1560 vero
677 1533 857 1575 quercus
889 1521 1070 1561 terrenis
1103 1521 1414 1577 principiorum
1446 1523 1718 1565 satietatibus
1744 1532 1764 1563 8

131 1594 173 1624 20
200 1583 426 1624 abundans
449 1599 685 1641 parumque
707 1586 871 1627 habens
904 1588 1064 1629 umoris
1097 1594 1138 1629 et
1168 1589 1279 1628 aeris
1314 1596 1354 1630 ct
1386 1590 1512 1644 ignis,
1547 1606 1644 1631 cum
1676 1592 1719 1632 in

199 1652 381 1691 terrenis
412 1652 613 1707 operibus
646 1653 855 1706 obruitur,
887 1654 1101 1695 infinitam
1131 1655 1261 1697 habet
1292 1658 1605 1698 aeternitatem.
1667 1673 1721 1699 ex

201 1733 247 1758 eo
299 1733 393 1758 cum
443 1721 636 1774 tangitur
684 1736 831 1762 umore
876 1737 961 1762 non
1005 1722 1167 1764 habens
1219 1723 1477 1765 foraminum
1521 1727 1719 1767 raritates

199 1792 376 1842 propter
413 1788 678 1843 spissitatem
714 1803 801 1830 non
838 1796 980 1845 potest
1011 1790 1056 1830 in
1087 1805 1241 1847 corpus
1272 1784 1465 1847 recipere
1496 1792 1718 1849 liquorem,

201 1853 277 1893 sed
298 1853 469 1908 fugiens
492 1854 546 1895 ab
568 1870 715 1896 umore
736 1857 901 1898 resistit
925 1863 965 1897 ct
996 1864 1220 1913 torquetur
1252 1865 1292 1900 et
1324 1859 1457 1901 efficit
1487 1862 1532 1901 in
1563 1860 1719 1916 quibus

133 1931 174 1959 25
201 1927 264 1961 est
310 1921 510 1976 operibus
557 1937 605 1962 ea
651 1924 823 1965 rimosa.
889 1924 1086 1966 aesculus
1126 1940 1228 1966 vcro
1268 1926 1382 1981 quod
1420 1934 1483 1968 est
1521 1928 1718 1969 omnibus
1745 1937 1764 1967 9

202 1987 427 2042 principiis
473 1996 738 2045 temperata,
778 1991 907 2032 habet
947 1994 990 2033 in
1028 1991 1237 2034 aedificiis
1277 2009 1454 2048 magnas
1494 1993 1718 2049 utilitates,

202 2054 277 2094 sed
311 2068 380 2107 ea,
422 2070 515 2095 cum
546 2057 590 2096 in
621 2073 766 2098 umore
798 2059 1063 2112 conlocatur,
1104 2061 1316 2116 recipiens
1348 2063 1519 2117 penitus
1552 2077 1627 2118 per
1656 2064 1718 2105 fo—

201 2122 364 2162 ramina
400 2121 607 2177 liquorem
645 2126 779 2166 eiecto
817 2142 913 2167 aere
953 2134 993 2168 et
1031 2128 1122 2182 igni
1160 2129 1407 2184 operatione
1444 2129 1616 2170 umidae
1646 2146 1718 2187 po-

202 2189 369 2229 testatis
410 2189 603 2231 vitiatur.
664 2206 806 2234 cerrus
846 2202 886 2234 et
926 2194 1049 2249 fagus
1083 2195 1196 2250 quod
1228 2197 1387 2251 pariter
1418 2196 1577 2238 habent
1609 2198 1717 2239 mix-

294 2384 309 2413 1
337 2386 468 2414 natura
496 2383 522 2414 G
546 2387 578 2414 ec
603 2388 679 2415 (mle
704 2396 795 2416 corr.
822 2387 874 2419 ll:
902 2390 1042 2419 naturae
1070 2389 1123 2419 lle
1150 2387 1258 2429 (-rz‘e
1284 2389 1360 2420 item
1385 2390 1437 2428 LI,
1464 2401 1547 2422 ——re
1573 2401 1607 2428 e,
1637 2403 1719 2435 -—r‹2

202 2438 248 2476 Ιι).
277 2435 292 2480 Η
325 2439 344 2469 5
369 2441 541 2470 naturae:
568 2440 617 2470 sic
644 2440 739 2482 (ure
769 2442 808 2479 G)
838 2442 913 2475 Gll.
945 2440 959 2484 Η
992 2444 1194 2484 ponderosa
1221 2445 1264 2475 G:
1291 2445 1495 2486 ponderata
1520 2447 1557 2477 H
1584 2446 1715 2489 (Helii

203 2495 221 2524 7
248 2493 396 2525 derecta
417 2494 443 2525 G
468 2499 499 2525 et
524 2499 601 2525 [mle
619 2506 708 2527 corr.
734 2497 770 2527 ll
797 2495 952 2536 (directa
977 2499 1121 2540 Ichlc).
1149 2498 1162 2542 ΙΙ
1190 2502 1209 2532 8
1230 2501 1365 2532 cariem
1383 2502 1506 2534 212.st
1534 2501 1593 2543 (cf.
1609 2515 1645 2544 p,
1665 2506 1718 2539 58,

204 2548 277 2591 16);
304 2550 405 2590 parie
429 2554 506 2581 ante
532 2560 620 2582 corr.
647 2552 685 2591 G,
712 2556 852 2593 partem
872 2554 907 2584 ll
925 2554 1040 2596 (parte
1060 2555 1196 2597 GcLlc).
1227 2554 1241 2597 ΙΙ
1276 2558 1316 2587 10
1342 2558 1513 2590 raritates
1533 2564 1609 2591 ante
1628 2570 1718 2591 corr.

206 2604 242 2637 G.
272 2602 287 2646 Η
320 2606 362 2635 ea
388 2607 425 2636 ut
451 2605 575 2646 (Mar.)
604 2609 659 2638 cst
685 2618 762 2648 esso:
803 2612 838 2640 ct
869 2611 885 2639 [-
913 2611 948 2646 G,
976 2610 1005 2642 &
1030 2614 1087 2642 est
1112 2612 1150 2642 Il
1175 2610 1251 2652 (Le,
1279 2624 1294 2643 z
1323 2617 1378 2644 cst
1403 2615 1439 2654 l).
1479 2612 1493 2655 Η
1534 2616 1574 2646 13
1600 2616 1717 2656 proxi-

203 2660 352 2692 mietate
370 2665 448 2693 ante
466 2672 554 2693 eor-r.
573 2664 611 2693 G.
635 2660 649 2704 Η
675 2665 714 2693 16
733 2663 900 2695 duritiem
922 2667 955 2696 ll
975 2665 1081 2707 (—-t16
1099 2667 1173 2706 Lm,
1201 2667 1358 2700 duritiae
1377 2668 1427 2710 c):
1453 2670 1620 2701 duritiam
1642 2672 1678 2704 G.
1701 2670 1715 2712 ζ,

203 2716 385 2748 fusterna:
411 2718 460 2749 sic
488 2718 564 2751 GH.
597 2715 611 2760 Η
646 2720 685 2750 18
712 2722 747 2749 et
771 2721 949 2761 sappinea
973 2723 1063 2755 doc:
1092 2722 1120 2754 δι
1139 2720 1191 2765 (et
1210 2724 1250 2764 G)
1277 2725 1403 2756 intima
1430 2726 1620 2758 fusternea
1647 2727 1717 2765 (fu-

206 2775 329 2804 sterna
360 2778 437 2804 ante
473 2775 536 2815 ips.
562 2785 652 2808 corr.
685 2779 715 2806 el
742 2786 871 2807 erasum
898 2787 918 2807 a
944 2779 1041 2809 voluit
1070 2780 1096 2810 G
1121 2779 1175 2810 ubi
1197 2780 1245 2811 sic
1272 2781 1505 2821 fusterngea)
1539 2784 1717 2823 sappinea

206 2828 394 2870 (saprinea
430 2829 470 2866 G,
497 2831 559 2861 scd
588 2831 620 2861 in
645 2842 748 2872 mur-9.
784 2833 827 2863 (1¹¹⁷
858 2832 872 2862 ἶ
898 2832 934 2863 at
966 2835 1154 2876 sappinea,
1181 2837 1330 2877 sapinea
1355 2837 1379 2876 l)
1408 2836 1483 2869 Gll.
1517 2835 1530 2879 Η
1568 2840 1609 2869 29
1645 2848 1717 2869 cer-

205 2894 264 2916 rus
291 2887 326 2916 et
355 2885 463 2928 fagus
496 2884 632 2926 (cerrus
665 2897 807 2929 quoque
845 2890 881 2920 et
913 2889 1018 2931 fagus
1051 2891 1142 2923 Mar.
1174 2891 1219 2931 cf.
1249 2892 1334 2923 Ptin.
1364 2894 1422 2932 16,
1453 2892 1553 2934 2157:
1596 2904 1717 2926 cerrus
