1909 3322
212 217 266 257 70
865 219 1074 250 vlrnuvn

211 326 461 381 Magnesiae
491 323 610 364 aedis
640 323 808 364 Dianae
838 321 1143 377 Hermogenis,
1175 321 1417 363 Alabandis
1450 321 1578 362 etiam
1600 320 1732 377 Apol-

212 394 309 435 linis
340 408 365 434 a
394 390 618 432 Menesthe
649 389 777 431 faeta.
838 389 1028 446 dipteros
1059 396 1203 431 autem
1234 387 1470 444 octastylos
1502 395 1544 429 et
1573 403 1733 444 pronao
1760 397 1778 428 7

211 468 253 502 et
274 460 462 516 postico,
495 457 571 499 sed
603 458 717 498 circa
746 456 899 498 aedem
928 456 1120 513 duplices
1151 456 1282 498 habet
1313 455 1486 497 ordines
1519 455 1734 497 columna-

211 542 326 580 rum,
364 526 428 567 uti
475 531 540 566 est
583 524 703 566 aedis
736 524 913 576 Quirini
951 524 1097 566 dorica
1129 530 1170 565 et
1201 523 1366 580 Ephesi
1397 523 1566 565 Dianae
1595 524 1736 564 ionica

166 605 186 635 5
210 609 235 635 a
257 592 574 648 Chersiphrone
604 594 851 635 constituta.
897 592 1160 649 hypaethros
1192 605 1295 632 vero
1327 589 1572 647 decastylos
1606 597 1671 632 est
1691 591 1736 632 in
1761 599 1782 630 8

212 676 371 718 pronao
394 666 435 701 et
455 660 636 716 postico.
688 658 852 715 reliqua
873 660 1015 701 omnia
1047 659 1197 700 eadem
1226 658 1358 700 habet
1389 672 1498 714 quae
1529 658 1735 715 dipteros⁷

212 728 288 770 sed
326 728 530 770 interiore
561 733 683 784 parte
715 726 933 768 columnas
966 727 1010 767 in
1039 726 1271 776 altitudine
1302 725 1519 782 duplices,
1551 732 1736 767 remotas

211 812 236 837 a
257 794 494 852 parietibus
515 794 572 835 ad
593 794 938 835 circumitionem
967 801 1015 836 ut
1045 795 1237 850 porticus
1268 792 1608 850 peristyliorum.
1649 808 1735 834 me-

213 863 333 904 dium
376 868 519 904 autem
565 862 644 903 sub
691 861 766 902 diu
806 868 870 902 est
907 862 1001 903 sine
1039 867 1167 903 tecto.
1234 860 1377 902 aditus
1416 860 1643 903 valvarum
1683 875 1738 901 ex

149 940 188 971 10
212 937 395 986 utraque
439 936 561 986 parte
599 929 645 969 in
683 943 843 984 pronao
883 935 922 969 et
961 929 1141 984 postico.
1209 929 1335 970 huius
1373 929 1477 970 item
1518 927 1738 985 exemplar

213 999 375 1039 Romae
396 1012 483 1038 non
508 1002 586 1049 est,
619 995 695 1036 sed
715 995 901 1037 Athenis
924 995 1166 1053 octastylon
1197 995 1357 1052 templo
1381 995 1598 1053 Olympio.

166 1074 200 1105 ΙΙ
328 1065 502 1120 Species
540 1070 684 1104 autem
720 1062 893 1104 aedium
939 1070 1038 1104 sunt
1075 1065 1285 1119 quinque,
1335 1077 1514 1119 quarum
1553 1077 1602 1104 ea
1640 1070 1738 1105 sunt
1763 1068 1847 1115 (111)

215 1131 438 1185 vocabula,
470 1130 751 1188 pycnostylos
773 1130 819 1171 id
841 1136 905 1171 est
927 1130 1090 1172 crebris
1123 1130 1354 1185 columnis,
1388 1130 1578 1187 systylos
1609 1131 1738 1187 paulo
1810 1140 1813 1144 '

215 1198 535 1240 remissioribus
582 1197 1010 1240 intercolumniorum
1063 1198 1238 1254 spatiis,
1290 1197 1501 1254 diastylos
1553 1199 1738 1255 amplius

150 1277 190 1307 15
215 1266 480 1323 patentibus,
512 1264 648 1305 rarius
673 1280 799 1328 quain
821 1272 990 1321 oportet
1019 1266 1132 1306 inter
1162 1280 1208 1306 se
1238 1265 1428 1307 diductis
1459 1266 1738 1322 araeostylos,

217 1333 408 1390 eustylos
441 1332 769 1374 intervallorum
798 1333 911 1374 iusta
943 1333 1263 1375 distributione.
1325 1347 1425 1388 ergo
1456 1332 1738 1390 pycnostylos
1764 1341 1784 1371 2

217 1408 282 1442 cst
310 1402 429 1442 cuius
463 1399 790 1442 intercolumnio
820 1401 947 1441 unius
980 1406 1021 1442 et
1052 1400 1305 1442 dimidiatae
1336 1399 1558 1442 columnae
1588 1402 1740 1443 crassi-

216 1468 320 1509 tudo
365 1468 583 1523 interponi
627 1474 787 1524 potest,
836 1468 1196 1523 quemadmodum
1243 1474 1307 1508 est
1351 1467 1445 1508 divi
1482 1467 1585 1509 Iulii
1623 1469 1740 1510 etin

219 1535 416 1577 Caesaris
455 1534 547 1576 foro
579 1534 761 1576 Veneris
802 1542 843 1576 et
883 1536 920 1576 si
960 1550 1068 1591 quae
1098 1534 1209 1575 aliae
1240 1536 1302 1576 sic
1332 1541 1431 1576 sunt
1461 1535 1737 1591 compositae.

150 1613 193 1643 20
218 1603 321 1644 item
360 1601 550 1658 systylos
589 1608 653 1643 est
691 1602 736 1642 in
768 1616 852 1657 qua
883 1601 1064 1644 duarum
1094 1594 1390 1643 columnarum
1422 1603 1663 1645 crassitudo
1694 1604 1740 1644 in

310 1763 324 1792 1
354 1760 460 1792 aedes
478 1761 557 1793 add.
575 1761 658 1793 Lor.
679 1760 802 1802 (Mar.)
825 1759 840 1804 Η
864 1761 1065 1794 Alabandis
1090 1762 1202 1794 Mar.:
1242 1761 1419 1794 alabandi
1447 1762 1485 1803 G,
1513 1763 1740 1795 alabarinthi

219 1817 295 1857 (secl
311 1817 426 1848 rinthi
443 1818 476 1848 in
493 1827 562 1850 ras,
579 1817 644 1857 Hc)
661 1817 697 1848 H
713 1816 815 1858 (Llc).
846 1819 931 1859 for-c.
947 1818 1179 1858 alabaundis,
1198 1823 1233 1850 ut
1247 1818 1466 1851 Labraumla.
1489 1816 1503 1861 Η
1527 1820 1639 1851 etiam
1658 1830 1736 1862 eyo:

219 1876 256 1904 et
276 1873 351 1904 GH.
371 1870 384 1915 Η
409 1874 428 1904 2
447 1873 631 1905 menesthe
648 1874 684 1904 H
701 1872 807 1915 (Llc),
825 1878 906 1906 —te
929 1876 966 1906 G.
997 1872 1011 1917 Η
1041 1877 1060 1907 3
1081 1875 1227 1907 aedem:
1255 1875 1381 1907 eadem
1394 1880 1555 1910 anterus,
1571 1875 1738 1917 (e{dem)

220 1929 266 1959 Il.
296 1926 311 1970 Η
338 1930 359 1959 4
386 1928 489 1960 effesi
516 1929 554 1962 G.
585 1926 598 1970 Η
628 1930 646 1960 5
673 1928 941 1971 Chersiphrone
974 1930 1074 1962 Selzn.
1103 1929 1176 1971 (σῇ.
1207 1930 1286 1961 VII
1303 1931 1375 1972 prs.
1403 1935 1436 1962 ee
1460 1931 1503 1968 X,
1523 1932 1575 1972 5):
1602 1932 1739 1973 therlsi

220 1984 322 2015 frone
352 1984 387 2021 G,
415 1984 640 2015 chresifrone
669 1983 745 2024 (sed
769 1986 851 2017 chre
877 1986 914 2016 in
938 1997 1007 2019 ras.
1034 1987 1097 2023 Hc,
1124 1992 1158 2017 ut
1182 1996 1287 2027 supra
1310 1997 1340 2018 υ.
1361 1985 1393 2026 1)
1419 1987 1458 2017 Η
1483 1985 1591 2027 (Lete,
1619 1988 1740 2021 chresi

220 2040 339 2071 fronte
371 2045 448 2071 ante
474 2050 563 2073 corr.
590 2039 646 2080 L).
671 2037 685 2083 Π
713 2041 910 2082 hypethros
936 2043 973 2072 H
999 2041 1054 2082 (Ile,
1080 2041 1303 2084 hypoethres
1328 2053 1355 2078 c,
1381 2042 1528 2075 —thros
1553 2050 1604 2084 cc,
1636 2044 1737 2087 hipe-

220 2095 320 2127 thros
345 2094 410 2137 L):
436 2095 617 2137 hypedros
645 2096 681 2127 G.
715 2094 730 2138 [l
767 2107 852 2128 vero
890 2098 927 2128 Il
953 2098 1028 2138 (Llc
1053 2103 1086 2130 et
1116 2100 1204 2130 inter
1229 2099 1284 2129 Iz'n.
1313 2097 1389 2140 Gs):
1436 2107 1452 2129 15
1483 2097 1518 2139 (i.
1545 2110 1574 2132 e.
1601 2101 1736 2143 autem)

224 2151 261 2183 G.
286 2149 300 2193 Η
323 2152 360 2182 in
386 2161 523 2193 proano
552 2152 589 2184 G.
612 2152 626 2194 Η
650 2154 669 2183 9
698 2153 761 2185 sub
788 2152 869 2185 cliuo
895 2154 946 2185 lzz‘c
973 2155 1048 2186 GH.
1073 2152 1087 2196 Η
1111 2155 1149 2185 11
1177 2154 1383 2196 octastylon
1405 2155 1540 2196 templo
1567 2155 1736 2199 Olympio

221 2217 281 2247 egso
301 2206 442 2247 (Mar.):
470 2208 668 2249 octastylos
694 2208 792 2250 (octa
817 2210 921 2242 stilos
942 2210 981 2251 G)
1009 2210 1038 2242 St
1057 2211 1107 2250 (et
1127 2211 1167 2252 G)
1187 2210 1321 2252 templo
1348 2210 1437 2253 oly(i
1457 2212 1598 2253 G)mpio
1621 2212 1697 2247 GH.
1720 2225 1734 2255 χ]

224 2275 262 2306 13
281 2274 508 2316 pignastylos
534 2275 571 2306 H
596 2273 701 2317 (Δία),
728 2277 840 2318 pigna
866 2277 967 2310 stilos
994 2278 1021 2310 G
1045 2277 1169 2320 (pigno
1194 2277 1297 2310 stilos
1321 2278 1389 2318 GC).
1428 2276 1443 2322 Η
1481 2279 1628 2321 sistylos
1656 2281 1692 2312 G.
1720 2280 1734 2322 ,ζ

223 2332 264 2361 14
295 2331 564 2363 remissioribus
600 2332 956 2365 intercolumniorum
994 2334 1123 2376 spatiis
1162 2333 1254 2377 (eqo,
1294 2335 1587 2368 intercolumniis
1622 2336 1737 2376 Lor.),

222 2385 401 2426 diastylos
433 2386 500 2427 (ed.
532 2388 631 2427 Ven.)
663 2388 833 2430 amplius:
872 2390 1141 2422 remissioribus
1172 2391 1269 2422 inter
1300 2391 1435 2432 estylos
1475 2391 1736 2432 (remisioribus

222 2443 448 2475 interestilos
474 2444 514 2484 G)
542 2443 695 2486 amplius
723 2445 800 2476 GH.
832 2442 846 2487 l]
881 2447 920 2478 15
946 2447 1062 2478 rarius
1086 2446 1176 2478 Joc.:
1203 2457 1284 2478 rare
1313 2447 1388 2478 GH.
1422 2445 1436 2490 Η
1468 2447 1626 2480 diductis
1653 2450 1680 2481 G
1705 2435 1760 2480 el*

222 2503 299 2530 ante
324 2509 414 2531 corr.
442 2499 479 2530 H
504 2498 683 2539 (deductis
711 2501 852 2541 HcLIc).
886 2499 900 2543 Η
938 2502 1096 2534 diductis
1122 2502 1368 2543 araeostylos,
1402 2503 1563 2544 eustylos
1588 2505 1641 2537 ed.
1667 2505 1734 2538 FL:

223 2554 640 2597 deductis.Areostylos
668 2559 703 2587 et
733 2555 844 2596 stylos
876 2558 913 2589 ll
946 2557 1055 2600 (Lle),
1088 2558 1538 2592 diductis.Areostilos
1571 2560 1735 2602 spatiis

222 2610 630 2644 intercolumniorsl
653 2609 657 2651 Ι
678 2611 949 2653 pignostilos
974 2614 1135 2655 spatiis
1169 2615 1434 2647 indiastilos
1461 2614 1674 2657 areostijlos
1700 2619 1736 2647 et

222 2667 327 2698 stilos
345 2668 372 2698 G
381 2666 451 2707 (ubi
466 2668 509 2699 G⁶
521 2669 610 2699 linea
623 2669 792 2700 deleturus
805 2670 965 2702 subduxit
977 2670 1078 2702 verba
1090 2680 1136 2701 ecc
1148 2681 1252 2713 mar-9.
1266 2672 1338 2705 scil.
1348 2673 1476 2704 inserta
1484 2671 1735 2704 Areostilos—

222 2722 454 2764 indiastilos).
479 2721 494 2766 Η
518 2725 558 2756 16
575 2724 801 2766 pignostylos
820 2726 866 2765 H,
885 2725 1124 2777 liignojtilos
1144 2728 1181 2759 G.
1206 2724 1220 2768 Ι]
1245 2728 1284 2758 18
1304 2730 1359 2759 θεῖ
1375 2728 1413 2758 H
1430 2727 1506 2766 (Llc
1531 2733 1563 2759 et
1579 2729 1613 2759 in
1629 2739 1734 2770 mar-gs.

226 2790 300 2830 G⁶):
327 2801 389 2822 om.
417 2790 453 2822 G.
486 2788 501 2833 Η
531 2790 597 2822 iuli
620 2795 697 2823 ante
721 2802 810 2824 corr.
838 2793 888 2830 H,
916 2793 997 2824 iulii
1024 2793 1106 2825 GHG
1131 2791 1235 2835 (Lle).
1268 2791 1284 2836 [l
1315 2796 1354 2826 19
1381 2794 1613 2836 compositae.
1639 2795 1734 2828 Item

221 2846 314 2876 doen:
343 2847 608 2890 conpositaeste
636 2848 676 2888 G)
709 2848 922 2889 patentibus
952 2859 1045 2881 rare.
1093 2850 1181 2881 Item
1217 2850 1281 2881 GH
1314 2848 1437 2890 (verbis
1461 2861 1507 2882 ea:
1522 2860 1595 2892 sup.
1615 2861 1733 2884 errore

224 2902 401 2942 repecitis).
436 2900 450 2945 ΙΙ
482 2905 524 2935 ‘20
548 2904 601 2936 Its}
625 2903 760 2936 sistilos
788 2904 829 2936 G:
856 2905 949 2936 Item
968 2904 1081 2947 stylos
1107 2906 1143 2937 H
1160 2904 1263 2946 (Lle).
1296 2903 1311 2948 Η
1344 2916 1413 2948 qua
1438 2907 1538 2940 Phia:
1568 2917 1636 2949 quo
1656 2908 1732 2942 GH.
