1899 3322
58 660 117 698 (V)

98 931 117 960 Na

574 208 635 242 DE
667 211 1019 244 AacmrEeTUaA
1052 215 1142 245 Lm.
1176 214 1241 246 111.
1615 206 1665 249 ’Π

148 310 336 355 lobatam
379 313 440 354 ita
477 320 645 369 oportet
683 316 914 370 exaequari
951 317 1014 356 uti
1054 317 1209 358 habeat
1247 332 1322 373 per
1365 318 1554 359 medium
1591 319 1664 359 ad-

147 382 374 422 iectionem
395 396 472 437 per
492 381 706 423 scamillos
728 383 914 438 inpares.
956 384 992 423 si
1014 385 1128 424 enim
1148 384 1202 424 ad
1225 385 1413 426 libellam
1441 386 1665 441 dirigetur,

145 448 384 490 alveolatus
408 448 528 491 oculo
550 448 786 490 videbitur.
845 449 924 490 hoc
946 457 1086 491 autem
1117 458 1164 492 ut
1195 452 1375 494 scamilli
1405 453 1461 494 ad
1491 454 1536 494 id
1568 469 1663 495 con-

145 518 368 558 venientes
390 517 509 570 fiant,
541 518 644 559 item
674 518 719 558 in
750 523 942 558 extremo
974 517 1084 558 libro
1115 518 1251 559 forma
1283 526 1323 561 et
1355 520 1664 563 demonstratio

146 585 227 625 erit
257 584 489 641 descripta.

257 651 340 692 His
377 651 580 708 perfectis
611 653 656 693 in
687 653 774 693 suis
806 651 911 693 locis
943 654 1084 708 spirae
1116 652 1392 695 conlocentur
1422 670 1579 712 eaeque
1609 657 1664 698 ad

144 720 440 774 symmetriam
480 720 542 760 sic
580 719 860 775 perficiantur
895 721 959 760 uti
999 721 1239 762 crassitudo
1278 736 1373 762 cum
1410 722 1576 778 plintho
1609 726 1664 765 sit

144 784 365 826 columnae
415 800 469 827 ex
520 786 702 828 dimidia
751 787 1039 829 crassitudine
1089 790 1485 845 proiecturamque,
1538 806 1662 845 quam

145 852 302 893 Graeci
340 869 540 907 εκφοραν
580 855 795 908 vocitant,
836 855 1021 896 habeant
1062 863 1281 897 extantem
1321 858 1381 897 ita
1410 860 1474 899 uti
1505 857 1591 898 lata
1623 866 1663 899 et

143 919 270 975 longa
300 921 356 961 sit
386 921 606 963 columnae
638 921 940 963 crassitudinis
970 924 1095 964 unius
1128 930 1170 964 et
1201 923 1420 965 dimidiae.
1479 925 1662 966 altitudo

143 988 233 1028 eius
273 989 309 1029 si
339 989 575 1044 atticurges
609 991 711 1042 erit,
750 991 810 1031 ita
850 989 1074 1031 dividatur
1103 998 1149 1032 ut
1181 993 1375 1047 superior
1405 1007 1504 1047 pars
1537 994 1663 1033 tertia.

142 1061 261 1111 parte
283 1057 338 1097 sit
360 1056 660 1098 crassitudinis
692 1057 928 1111 columnae,
959 1057 1171 1114 reliquum
1193 1059 1360 1115 plintho
1380 1059 1661 1115 relinquatur.

142 1121 315 1179 dempta
355 1123 521 1179 plintho
561 1123 773 1180 reliquum
814 1125 1035 1166 dividatur
1072 1127 1117 1166 in
1154 1134 1298 1182 partes
1337 1134 1539 1182 quattuor
1569 1128 1660 1168 fiat-

141 1204 223 1245 que
254 1192 449 1246 superior
478 1198 597 1233 torus
631 1199 821 1247 quartae,
854 1192 1044 1248 reliquae
1075 1201 1162 1234 tres
1194 1194 1430 1250 aequaliter
1460 1195 1659 1235 dividan-

139 1264 210 1297 tur
247 1264 289 1298 et
327 1274 412 1299 una
449 1260 505 1300 sit
536 1259 715 1300 inferior
756 1266 897 1313 torus,
937 1260 1071 1301 altera
1108 1277 1207 1317 pars
1240 1276 1336 1302 cuni
1366 1264 1453 1303 suis
1483 1263 1657 1318 quadris

140 1326 295 1379 scotia,
343 1340 471 1381 quam
518 1326 675 1368 Graeci
711 1330 919 1381 τροχιλον
965 1329 1127 1370 dicunt.
1202 1331 1269 1370 sin
1313 1337 1456 1371 autem
1494 1331 1659 1371 ionicae

140 1400 264 1434 erunt
301 1393 547 1447 faciendae,
590 1395 865 1450 symmetriae
902 1409 1046 1436 earum
1085 1398 1147 1437 sic
1178 1404 1303 1438 erunt
1333 1398 1658 1438 constituendae

136 1461 201 1500 uti
239 1459 421 1501 latitudo
460 1462 603 1517 spirae
641 1476 810 1518 quoque
840 1477 989 1504 versus
1021 1464 1078 1504 sit
1108 1464 1328 1505 columnae
1359 1465 1658 1506 crassitudinis

136 1527 307 1569 adiecta
345 1529 632 1569 crassitudine
671 1536 823 1584 quarta
860 1537 901 1571 et
932 1537 1099 1571 octava.
1159 1531 1344 1573 altitudo
1376 1534 1435 1574 ita
1466 1533 1528 1573 uti
1558 1534 1656 1574 atti-

137 1609 304 1650 curges.
363 1596 423 1636 ita
446 1602 487 1637 et
518 1597 611 1637 eius
644 1597 849 1652 plinthos.
910 1597 1206 1655 reliquumque
1226 1607 1398 1656 praeter
1428 1599 1655 1656 plinthum,

137 1663 251 1718 quod
298 1663 379 1704 erit
418 1665 544 1705 tertia
583 1678 681 1719 pars
721 1665 1021 1706 crassitudinis
1062 1666 1303 1720 columnae,
1351 1667 1574 1708 dividatur
1613 1669 1656 1708 in

136 1736 279 1785 partes
312 1737 498 1787 septem,
538 1731 640 1772 inde
670 1732 802 1772 trium
832 1734 1018 1788 partium
1051 1740 1167 1775 torus
1200 1735 1273 1790 qui
1305 1741 1369 1776 est
1400 1736 1445 1775 in
1476 1750 1654 1788 summo,

135 1797 327 1853 reliquae
364 1805 566 1854 quattuor
603 1806 746 1854 partes
786 1799 1048 1841 dividendae
1088 1812 1186 1843 sunt
1223 1802 1460 1858 aequaliter
1499 1810 1540 1844 et
1570 1818 1655 1843 una

226 1949 241 1978 1
269 1947 321 1978 ita
346 1947 386 1977 H
408 1946 518 1989 (Lle):
545 1958 605 1980 om.
634 1948 671 1979 G.
705 1946 719 1990 Η
751 1959 815 1990 per
838 1949 993 1981 medium
1020 1951 1087 1982 GH
1117 1950 1173 1992 (L,
1198 1952 1333 1993 ppedisl
1358 1953 1423 1989 leh,
1456 1934 1591 1994 ppef'difi
1617 1953 1654 1984 lec

136 2001 360 2045 [perpodium
387 2001 451 2045 vf].
482 2001 499 2046 Η
530 2005 549 2035 2
576 2004 762 2036 scamillos
787 2005 991 2046 (scanullos
1017 2012 1095 2039 ante
1119 2018 1210 2039 corr.
1239 2009 1279 2048 G)
1309 2008 1377 2039 Gll
1400 2006 1456 2049 (L,
1477 2011 1522 2049 ef.
1549 2011 1651 2050 Apul.

133 2070 189 2100 ap.
216 2060 326 2091 Prisc.
358 2059 444 2100 III,
476 2062 496 2091 2
527 2060 592 2097 Ji„
627 2061 810 2093 seabellos
841 2062 893 2093 lelz
925 2060 1023 2104 [vf]).
1062 2061 1076 2105 Η
1115 2066 1135 2096 3
1168 2064 1374 2096 alveolatus
1404 2066 1497 2097 ἆσαι
1533 2071 1652 2097 —tum

135 2115 250 2158 (—t1])
279 2115 354 2147 GII.
392 2113 408 2158 Η
447 2116 604 2148 scamilli
632 2117 700 2148 GIl
724 2116 785 2158 (L,
817 2117 970 2149 scabelli
1001 2120 1052 2151 lelz
1085 2117 1179 2162 [vs]),
1213 2119 1228 2163 Η
1265 2122 1284 2152 6
1311 2131 1414 2162 eaeq3
1447 2122 1515 2153 Gll
1544 2122 1651 2163 (11:015

132 2173 184 2203 vel
208 2171 292 2214 heq3
318 2170 407 2212 Llc).
431 2169 446 2213 Η
469 2172 487 2203 7
515 2172 568 2203 sic
596 2172 725 2204 colfine
745 2174 772 2203 G
798 2173 860 2214 (sit
885 2186 955 2206 cum
972 2176 1024 2207 lese
1050 2178 1190 2208 voluerit
1210 2177 1264 2214 (Jc,
1290 2188 1409 2208 errore
1427 2179 1580 2209 eom-eavit
1597 2179 1650 2210 sic

131 2227 370 2268 praecedens).
409 2225 424 2269 Η
463 2229 482 2259 9
521 2233 688 2269 metopas
730 2229 891 2271 (empPaN
931 2231 972 2272 G)
1009 2232 1074 2263 GH
1109 2230 1203 2273 (ilem
1234 2234 1312 2271 Δία,
1344 2234 1404 2265 hoe
1432 2237 1540 2274 primo
1579 2238 1650 2265 loco

136 2284 275 2314 Graccis
300 2284 423 2315 litteris
448 2285 481 2315 in
506 2286 604 2316 codd.
629 2286 797 2327 servatis).
830 2283 844 2329 Η
877 2290 1062 2319 extantem
1082 2289 1185 2322 Lor.:
1213 2294 1419 2321 sextantem
1441 2290 1517 2321 Gll.
1550 2287 1564 2331 Η
1597 2292 1649 2322 ita

134 2343 171 2370 ut
203 2338 282 2370 lata
312 2340 416 2371 Lor.:
441 2340 509 2371 *Ita
542 2340 588 2372 du
620 2340 698 2373 lata
733 2344 775 2382 G,
809 2343 861 2374 ita
888 2346 963 2375 tum
995 2342 1048 2383 (tsi
1075 2344 1100 2386 l)
1127 2345 1205 2377 lata
1230 2345 1268 2376 ll
1295 2345 1384 2386 (Lcl,
1412 2347 1463 2376 ita
1489 2346 1649 2377 cumlata

131 2399 209 2426 unte
234 2405 325 2427 corr.
350 2396 391 2433 L,
419 2396 471 2427 ita
496 2396 677 2429 tumulata
703 2399 770 2438 elz).
809 2396 823 2440 Η
863 2401 903 2430 10
929 2399 1080 2441 longata
1110 2407 1188 2433 ante
1220 2412 1309 2434 corr.
1343 2403 1380 2435 G.
1418 2399 1432 2443 Η
1472 2402 1518 2432 sit
1544 2403 1648 2435 Lon:

133 2453 203 2482 erit
229 2451 307 2483 GIl.
340 2449 354 2493 Η
385 2461 477 2483 unus
508 2458 586 2485 ante
615 2464 706 2488 corr.
736 2456 774 2488 G.
806 2453 820 2497 Η
854 2456 892 2486 11
926 2457 1130 2499 atticurges
1161 2455 1286 2499 (doe.):
1319 2457 1532 2499 adtigurges
1563 2464 1641 2489 ante

131 2517 221 2538 corr.
251 2508 288 2546 G,
315 2507 520 2549 attigurges
547 2509 582 2540 II
608 2508 762 2551 (GcLle).
795 2510 810 2553 Η
843 2512 883 2542 14
910 2509 1026 2553 (—15)
1054 2518 1205 2554 quartae
1312 2517 1411 2546 torus
1440 2514 1482 2544 G:
1516 2524 1577 2546 om.
1608 2514 1641 2544 ll

131 2563 209 2602 (Llc
235 2561 315 2604 [vf])
352 2563 408 2595 ubi
430 2565 478 2595 sic
503 2564 638 2606 fiatque
665 2567 831 2608 superior
856 2571 955 2599 torus
987 2567 1105 2601 altera
1130 2580 1214 2611 pars
1246 2580 1326 2601 cum
1358 2570 1432 2601 suis
1459 2595 1466 2603 .
1488 2593 1520 2599 ..
1554 2568 1568 2610 Η
1602 2571 1642 2601 16

131 2619 252 2651 scotia
279 2619 347 2652 Gll
371 2618 425 2659 (lc,
452 2621 594 2653 scotica
618 2621 676 2662 L).
709 2620 724 2665 Η
758 2623 937 2655 trochilon
965 2624 1040 2655 Gll.
1073 2623 1088 2667 Η
1121 2627 1161 2657 18
1180 2636 1319 2667 quoquc
1347 2625 1406 2666 (qq
1428 2627 1468 2665 G)
1495 2635 1640 2657 versus:

129 2676 178 2706 sie
205 2675 282 2708 Gll.
316 2673 331 2717 Η
365 2676 404 2707 19
431 2676 645 2719 adtigurges
673 2679 742 2709 GII
765 2679 832 2720 (LI,
861 2680 1067 2722 attigurges
1087 2683 1140 2719 GC,
1169 2683 1213 2713 ad
1239 2683 1402 2723 gurgites
1426 2694 1452 2714 c,
1480 2681 1643 2723 adtigur—

131 2731 225 2772 gites
249 2731 303 2771 lz),
339 2732 534 2775 atticurgis
563 2734 637 2768 «loe.
671 2731 685 2776 Η
717 2736 759 2767 20
789 2735 844 2767 ita
876 2739 912 2767 et
941 2736 1034 2770 dom:
1067 2738 1121 2769 ita
1152 2741 1191 2769 ut
1225 2739 1300 2768 Gll.
1334 2736 1347 2778 Η
1381 2737 1557 2778 plinthus:
1594 2740 1643 2770 sic

133 2786 208 2817 GH.
236 2783 251 2828 Η
283 2787 536 2830 reliquumque
565 2790 613 2821 Glz
639 2791 692 2831 (lc,
720 2800 800 2832 quac
826 2791 994 2833 reliqui-1}
1016 2791 1074 2835 L).
1100 2791 1114 2835 Η
1137 2796 1175 2824 21
1205 2793 1295 2834 quod
1323 2793 1391 2824 erit
1418 2794 1527 2824 tertia
1545 2795 1640 2826 .loe.:

131 2842 225 2883 quod
252 2843 322 2874 erit
348 2844 382 2876 ei
406 2845 522 2877 tercia
543 2846 580 2882 G,
608 2847 700 2887 quod
727 2848 760 2880 ei
785 2847 830 2878 ad
856 2849 966 2880 tertia
984 2849 1020 2880 ll
1045 2849 1142 2889 (Lvlc,
1169 2851 1230 2881 sed
1247 2861 1266 2880 a
1291 2851 1322 2879 1¹11
1349 2849 1392 2880 ad
1417 2850 1555 2890 xer-ipsit
1582 2851 1639 2890 Le,

131 2897 222 2942 quod
248 2899 282 2932 ei
307 2901 425 2934 tercia
449 2901 486 2943 l).
520 2898 535 2945 Η
568 2902 610 2936 22
636 2902 760 2936 thorus
788 2905 863 2946 (leoc
885 2906 958 2938 solo
983 2906 1068 2947 loc-0)
1099 2906 1162 2939 Gll
1190 2906 1241 2947 tle,
1270 2908 1369 2938 torus
1397 2906 1450 2950 L).

1691 601 1711 631 5

1691 941 1730 970 10

1690 1279 1726 1307 15
