1909 3322
231 213 309 253 106
880 218 1089 251 VITRUvn

226 331 415 376 tuantur,
446 323 510 364 uti
540 328 639 363 sunt
660 323 705 362 in
726 321 837 363 Iulia
859 328 899 363 et
922 320 1168 378 Aquiliana.
1219 320 1440 362 columnae
1462 319 1740 361 basilicarum
1766 332 1786 364 5

226 400 314 434 tam
350 391 464 432 altae
503 404 629 446 quam
667 391 858 447 porticus
905 389 1017 431 latae
1062 388 1224 430 fuerint
1261 387 1487 429 faciendae
1523 387 1743 441 videntur,

227 460 431 516 porticus,
463 472 591 514 quam
619 458 810 499 medium
841 458 1028 514 spatium
1057 456 1250 497 futurum
1273 461 1350 508 est,
1383 470 1438 496 ex
1467 455 1595 496 tertia
1624 455 1745 496 finia-

227 535 308 568 tur.
369 524 592 567 columnae
622 526 861 582 superiores
891 527 1078 567 minores
1110 538 1237 580 quam
1258 523 1500 575 inferiores,
1532 523 1597 564 uti
1618 537 1747 579 supra

183 604 202 634 5
228 595 436 650 scriptum
468 599 552 646 est,
593 594 921 635 constituantur.
988 593 1182 649 pluteum
1214 589 1329 646 quod
1366 590 1497 631 fuerit
1535 591 1648 631 inter
1679 605 1745 631 su-

227 663 416 718 periores
456 667 497 703 et
535 660 762 702 inferiores
803 661 1043 713 columnas,
1090 660 1195 699 item
1239 664 1392 713 quarta
1438 664 1560 714 parte
1603 659 1746 698 minus

229 744 355 785 quam
388 729 630 785 superiores
662 728 884 770 columnae
916 729 1076 770 fuerint
1107 732 1304 783 oportere
1335 725 1428 766 fieri
1456 725 1653 779 videtur,
1684 726 1749 766 uti

228 811 356 853 supra
386 795 591 837 basilicae
623 798 986 851 contignationem
1018 793 1287 836 ambulantes
1319 793 1374 834 ab
1405 793 1747 848 negotiatoribus

226 879 280 905 ne
312 864 645 920 conspiciantur.
698 863 914 920 epistylia,
948 862 1174 919 zophoroe,
1207 876 1386 903 coronae
1407 876 1463 902 ex
1484 861 1748 917 symmetriis

164 941 202 972 10
229 931 544 984 columnarum,
576 932 638 972 uti
671 932 716 972 in
746 932 873 973 tertio
905 931 1014 972 libro
1047 930 1260 982 diximus,
1293 928 1578 985 explicentur.

338 999 436 1041 Non
473 1000 613 1040 minus
652 1014 862 1040 summam
900 999 1157 1054 dignitatem
1195 1004 1236 1039 et
1268 1003 1537 1038 venustatem
1567 1001 1749 1053 possunt

226 1067 385 1109 habere
417 1067 756 1123 comparationes
786 1066 1064 1107 basilicarum
1095 1080 1177 1121 quo
1208 1079 1365 1119 genere
1387 1064 1591 1106 Coloniae
1612 1063 1749 1105 Iuliae

227 1135 427 1175 Fanestri
458 1133 681 1175 conlocavi
720 1135 955 1190 curavique
991 1132 1256 1186 faciendam,
1297 1133 1417 1174 cuius
1449 1132 1748 1189 proportiones

228 1209 269 1243 et
300 1202 576 1258 symmetriae
615 1202 677 1241 sic
715 1208 814 1242 sunt
854 1202 1128 1243 constitutae.
1188 1199 1388 1241 mediana
1425 1199 1596 1241 testudo
1637 1199 1749 1240 inter

164 1280 201 1310 15
229 1270 447 1311 columnas
494 1275 559 1310 est
610 1268 737 1324 longa
784 1269 915 1325 pedes
954 1281 1066 1322 CXX,
1113 1268 1201 1309 lata
1239 1268 1370 1324 pedes
1417 1280 1491 1309 LX.
1558 1267 1747 1322 porticus

229 1339 320 1379 eius
343 1338 457 1378 circa
478 1336 740 1378 testudinem
760 1337 873 1378 inter
888 1338 1075 1393 parietes
1095 1342 1135 1376 et
1159 1335 1377 1377 columnas
1402 1335 1489 1376 lata
1514 1334 1646 1391 pedes
1671 1346 1748 1374 XX.

230 1405 452 1447 columnae
473 1404 778 1445 altitudinibus
800 1405 1018 1461 perpetuis
1043 1419 1138 1445 cum
1160 1403 1360 1460 capitulis
1383 1402 1542 1459 pedum
1564 1414 1605 1456 L,
1636 1416 1748 1442 cras-

217 1463 492 1515 {itudiiiibus
525 1473 722 1528 quinum,
762 1472 970 1513 habentes
1009 1478 1107 1528 post
1138 1487 1183 1513 se
1214 1472 1497 1527 parastaticas
1537 1470 1645 1511 altas
1677 1484 1749 1526 pe-

230 1541 305 1582 des
337 1553 424 1592 XX,
458 1539 566 1581 latas
596 1540 727 1596 pedes
762 1552 795 1580 ΙΙ
817 1552 859 1592 s,
900 1554 1064 1580 crassas
1103 1552 1180 1592 Is,
1221 1553 1330 1595 quae
1362 1539 1575 1579 sustinent
1605 1537 1748 1578 trabes

163 1618 204 1648 20
229 1610 273 1649 in
312 1609 465 1664 quibus
511 1607 775 1648 invehuntur
819 1608 1061 1664 porticuum
1107 1607 1468 1662 contignationes.
1537 1620 1751 1661 supraque

230 1692 299 1716 eas
345 1675 454 1716 aliae
499 1676 785 1731 parastaticae
830 1675 989 1731 pedum
1035 1687 1173 1729 XVIII,
1228 1674 1340 1715 latae
1386 1674 1533 1729 binos,
1579 1687 1751 1714 crassae

230 1743 404 1800 pedem,
445 1757 553 1798 quae
594 1744 817 1799 excipiunt
855 1744 961 1784 item
999 1742 1141 1783 trabes
1181 1743 1442 1783 sustinentes
1483 1740 1750 1782 cantherium

231 1818 271 1852 et
302 1812 567 1867 porticuum,
608 1826 716 1867 quae
754 1817 854 1852 sunt
893 1811 1118 1852 summissa
1155 1810 1270 1851 infra
1299 1809 1581 1861 testudinem,
1621 1814 1748 1849 tecta.

230 1878 397 1934 reliqua
427 1879 567 1934 spatia
597 1879 709 1919 inter
738 1880 1097 1934 parastaticarum
1121 1886 1160 1919 et
1184 1877 1477 1919 columnarum
1507 1876 1650 1917 trabes
1673 1890 1750 1931 per

164 1956 205 1985 25
231 1945 558 1986 intercolumnia
595 1945 826 1987 luminibus
866 1952 965 1987 sunt
1001 1945 1164 1987 relicta.
1226 1944 1447 1986 columnae
1487 1951 1587 1985 sunt
1616 1944 1661 1984 in
1691 1943 1748 1983 la-

232 2012 417 2053 titudine
448 2013 679 2054 testudinis
719 2028 816 2053 cum
855 2013 1134 2067 angularibus
1174 2012 1329 2054 dextra
1360 2027 1408 2052 ac
1440 2013 1616 2052 sinistra
1647 2026 1748 2066 qua-

231 2088 400 2134 ternae,
447 2080 491 2120 in
528 2079 799 2135 longitudine
848 2094 955 2136 quae
995 2087 1060 2121 est
1096 2079 1188 2121 foro
1226 2081 1423 2136 proxima
1471 2094 1567 2120 cum
1611 2078 1750 2119 isdem

323 2288 339 2317 1
366 2286 459 2318 Iulia
485 2289 521 2318 et
551 2285 753 2327 Aquiliana
778 2286 903 2320 Reber:
937 2286 1028 2318 iulia
1052 2286 1239 2328 aquiliana
1269 2286 1344 2318 GH.
1380 2282 1395 2328 Η
1430 2287 1450 2318 3
1477 2286 1544 2327 qua-1
1574 2285 1749 2335 medium:

230 2367 279 2397 sic
306 2365 383 2398 GH.
415 2363 429 2406 Η
461 2367 481 2397 9
506 2365 830 2406 neconspiciantur
856 2364 985 2405 (necon
1010 2375 1062 2407 sp.
1089 2364 1159 2405 He)
1187 2366 1228 2396 H
1250 2363 1359 2405 (Lle):
1386 2374 1454 2395 nec
1482 2345 1750 2405 eonspiiiantur

234 2445 269 2476 G.
304 2442 317 2486 Η
351 2444 531 2486 zophoroe
557 2454 617 2484 eqo
650 2442 740 2484 (—ri
764 2442 873 2485 1J00.):
913 2444 1072 2486 zophora
1103 2444 1178 2477 GH.
1213 2441 1227 2485 Η
1261 2422 1296 2484 gt
1328 2442 1537 2474 simmetriis
1571 2442 1626 2474 GG.
1660 2440 1674 2485 Η
1709 2444 1750 2476 10

232 2501 285 2531 uti
311 2501 363 2533 in:
389 2502 438 2532 sic
463 2500 539 2532 Gll.
563 2498 579 2542 Η
604 2501 642 2531 12
670 2499 810 2542 colonie
838 2501 879 2532 G:
909 2501 1112 2532 columniae
1138 2500 1175 2530 H
1194 2498 1248 2540 (L,
1276 2498 1464 2531 columnae
1491 2498 1541 2530 leh
1569 2497 1651 2542 [vf].
1691 2510 1748 2531 co-

232 2557 430 2599 lumniaeli
448 2567 560 2599 iuliae
578 2566 636 2607 L).
654 2564 669 2609 Η
694 2569 733 2599 13
755 2560 907 2610 ἱξηθεῒγί
935 2568 988 2599 GC.
1022 2566 1036 2609 Η
1068 2566 1275 2599 faciendam
1302 2567 1338 2597 H
1364 2565 1473 2608 <Llc):
1502 2565 1629 2597 —dum
1663 2567 1700 2598 G.
1730 2566 1733 2608 Ι

235 2660 272 2690 17
302 2657 505 2689 altitudinis
529 2659 618 2689 solus
645 2657 689 2688 (iv
716 2657 777 2696 (sic
803 2617 1056 2698 altitudiiiiliff.
1080 2654 1094 2699 Η
1118 2656 1249 2698 pedum
1274 2657 1302 2687 L
1329 2657 1423 2688 doc-,z
1450 2655 1561 2698 pedes
1579 2656 1608 2687 L
1637 2655 1733 2688 GH.!

234 2738 273 2768 19
300 2736 396 2768 latas
422 2738 493 2768 θῶς
519 2735 618 2768 latae
645 2736 738 2778 (—t‘}
767 2735 808 2776 G)
837 2736 913 2767 GH.
946 2733 960 2777 Η
989 2736 1068 2768 115<
1093 2760 1101 2770 .
1121 2759 1154 2766 ..
1183 2735 1259 2771 153:
1285 2736 1333 2766 sic
1360 2735 1428 2766 GH
1452 2715 1545 2776 (fig
1572 2734 1643 2774 GC).
1667 2731 1680 2776 Η
1705 2736 1744 2765 21

232 2794 458 2843 pa1·astat;}1.e
487 2803 541 2837 G0.
563 2801 578 2845 Η
601 2803 723 2835 XVIII
750 2803 815 2834 GH
841 2802 908 2842 (LI,
935 2803 1075 2836 XVIIII
1100 2803 1166 2843 ch).
1191 2801 1206 2845 Η
1229 2803 1334 2834 binos
1353 2802 1462 2833 Mar—‚z
1489 2802 1612 2833 binum
1640 2801 1747 2842 (—nl'1

235 2859 275 2898 (1¹)
305 2859 378 2890 GH.
412 2857 426 2900 Η
458 2861 498 2891 23
524 2860 723 2901 porticuum
748 2859 841 2891 -J0c.:
868 2860 1045 2900 porticum
1073 2859 1174 2899 (—cs1
1203 2858 1243 2899 G)
1272 2859 1346 2891 GH.
1376 2855 1390 2900 Η
1421 2859 1463 2889 25
1487 2857 1682 2891 latitudine
1703 2858 1746 2889 G:

235 2913 426 2947 altitudine
452 2915 490 2945 H
515 2913 594 2956 (ch).
630 2912 644 2958 Η
675 2917 716 2948 27
741 2915 817 2947 isdfi
845 2915 881 2953 G,
907 2915 1048 2947 hisdem
1074 2916 1110 2947 H
1137 2914 1240 2956 (Llc).
