1899 3322
24 558 116 598 (XV)

95 1507 114 1536 [Ο

586 243 648 272 DE
679 243 1033 273 ARCHITECTURA
1066 244 1157 272 Lm.
1192 244 1234 272 x.
1585 230 1666 272 277

147 348 275 389 coriis
307 345 552 403 duplicibus
585 344 776 385 consutis
808 344 931 385 fartis
962 343 1060 399 alga
1091 351 1164 385 aut
1195 344 1329 401 paleis
1362 345 1406 385 in
1435 350 1557 385 aceto
1578 358 1664 384 ma-

149 415 305 456 ceratis
352 415 465 455 cirea
509 418 679 467 tegatur
723 411 921 452 maehina
966 417 1068 452 tota.
1128 413 1190 453 ita
1226 412 1280 453 ab
1323 412 1389 453 his
1435 412 1667 452 reicientur

146 482 299 539 plagae
331 480 600 522 ballistarum
632 485 673 521 et
704 480 888 536 impetus
920 479 1231 521 incendiorum.

258 550 340 591 Est
369 555 513 590 autem
544 554 585 589 et
614 546 733 588 aliud
763 561 899 602 genus
922 547 1168 600 testudinis,
1202 547 1315 603 qued
1336 547 1502 604 reliqua
1522 548 1664 589 onmia
1687 553 1774 585 XXI

146 617 276 658 habet
313 615 674 672 quemadmodum
714 629 822 670 quae
859 628 989 670 supra
1027 615 1187 671 scripta
1223 622 1346 668 sunt,
1391 622 1561 671 praeter
1598 630 1664 655 ca·
1691 622 1710 653 5

146 683 335 741 prcoles,
379 683 457 724 scd
496 682 626 724 habet
665 683 778 723 eirea
820 680 1012 737 pluteum
1051 688 1093 722 et
1134 683 1289 738 pinnas
1330 697 1386 722 ex
1422 681 1581 723 tabulis
1624 688 1665 723 et-

143 766 327 808 superne
359 750 630 805 subgrundas
660 748 922 805 proclinatas
954 764 1097 804 supra,
1138 764 1246 805 quae
1276 748 1434 790 tabulis
1466 757 1507 791 et
1538 750 1665 791 coriis

144 820 325 860 firmiter
362 818 461 859 fixis
501 818 789 859 continentur.
849 816 1026 871 insuper
1064 832 1166 858 vero
1198 815 1353 871 argilla
1385 832 1478 858 cum
1509 816 1664 872 capillo

145 887 325 928 subacta
356 885 411 926 ad
444 900 536 926 eam
569 884 900 926 crassitudinem
931 884 1163 925 inducatur
1184 891 1231 925 ut
1251 884 1364 938 ignis
1388 885 1558 925 omnino
1579 899 1665 925 non

143 955 282 1010 possit
313 954 352 994 01
383 952 607 994 machinae
638 966 803 992 nocere.
854 959 1036 1007 possunt
1066 959 1210 992 autem
1242 952 1278 991 si
1309 966 1415 1007 opus
1436 951 1567 992 fuerit
1591 966 1664 992 eae
1692 961 1732 990 10

142 1021 366 1062 machinae
405 1035 461 1060 ex
490 1032 574 1060 VIII
620 1020 724 1060 rotis
771 1033 885 1072 esse,
933 1020 969 1060 si
1006 1018 1062 1059 ad
1100 1018 1185 1061 loci
1223 1025 1420 1059 naturam
1458 1019 1519 1060 ita
1557 1033 1662 1074 opus

141 1089 273 1130 fuerit
304 1095 556 1144 temperare.
608 1101 717 1143 quae
747 1093 891 1128 autem
920 1087 1162 1128 testudines
1191 1086 1247 1127 ad
1276 1086 1529 1127 fodiendum
1550 1101 1662 1127 cem-

142 1162 368 1212 parantur,
409 1170 568 1208 ορυγες
605 1169 759 1209 graece
799 1154 1021 1207 dicuntur,
1064 1160 1207 1195 cetera
1238 1155 1380 1194 omnia
1409 1153 1569 1194 habent
1599 1154 1664 1194 uti

141 1239 270 1280 supra
301 1223 510 1279 seriptum
542 1229 627 1274 est,
660 1223 822 1263 frontes
855 1236 957 1262 vero
989 1236 1134 1262 earum
1164 1221 1273 1262 fiunt
1304 1220 1663 1277 quemadmodum

140 1290 289 1347 anguli
326 1290 631 1345 trigonfflrum,
671 1290 735 1330 uti
766 1304 791 1329 a
822 1304 942 1330 muro
982 1288 1068 1329 tela
1106 1304 1203 1330 cum
1242 1290 1286 1329 in
1318 1303 1388 1329 cas
1422 1289 1660 1340 mittantur,
1692 1299 1730 1329 15

140 1375 226 1401 non
255 1357 395 1415 planis
426 1356 643 1398 frontibus
677 1357 897 1412 excipiant
927 1355 1076 1412 plagas
1109 1356 1185 1397 sed
1209 1355 1263 1397 ab
1285 1355 1493 1396 lateribus
1515 1354 1661 1395 laben-

141 1434 220 1479 tes,
254 1426 346 1467 sine
378 1423 654 1480 periculoque
685 1424 899 1466 fodientes
933 1425 1007 1479 qui
1037 1424 1152 1465 intus
1186 1430 1285 1464 sunt
1314 1429 1528 1464 tueantur.

254 1492 488 1534 Nenmihi
520 1492 648 1532 etiam
680 1491 854 1533 videtur
885 1505 978 1531 esse
1007 1490 1195 1532 alienum
1217 1489 1271 1531 de
1293 1490 1511 1532 testudine
1533 1504 1661 1545 quam

140 1561 335 1616 Hegetor
371 1559 612 1616 Byzantius
657 1559 759 1600 feeit
805 1558 958 1614 quibus
1006 1558 1245 1600 rationibus
1285 1559 1341 1599 sit
1377 1557 1492 1598 faeta
1531 1571 1660 1612 expo-

138 1643 253 1670 nere.
314 1628 454 1668 suerat
501 1627 614 1666 enim
661 1627 751 1667 eius
789 1626 943 1667 baseos
983 1625 1208 1680 longitudo
1248 1624 1406 1681 pedum
1438 1637 1519 1677 Lx,
1567 1623 1659 1664 lati-
1686 1636 1728 1665 20

138 1696 242 1738 tudo
266 1708 365 1736 XIII.
396 1694 629 1734 arrectaria
661 1708 768 1749 quae
800 1708 930 1749 supra
953 1694 1293 1749 compactionem
1315 1699 1435 1733 erant
1457 1698 1661 1747 quattuor

140 1763 359 1805 conlocata
392 1776 447 1802 ex
478 1761 592 1802 binis
631 1761 763 1815 tignis
795 1760 967 1801 fuerant
998 1767 1240 1816 compacta,
1280 1761 1324 1800 in
1354 1757 1658 1800 altitudinibus

140 1830 310 1886 singula
355 1829 512 1885 pedum
543 1840 713 1881 XXXVI,
761 1827 1046 1869 crassitudine
1083 1826 1384 1884 palmipedali,
1430 1825 1661 1866 latitudine

140 1896 445 1954 sesquipedali.
505 1896 623 1936 basis
656 1896 747 1936 eius
786 1895 994 1936 habuerat
1033 1901 1148 1936 rotas
1188 1907 1272 1935 VIII
1312 1893 1468 1949 quibus
1501 1892 1658 1947 ageba-

139 1973 221 2007 tur.
268 1965 409 2006 fuerat
438 1970 581 2005 autem
614 1977 760 2003 earum
789 1963 972 2004 altitudo
1004 1962 1161 2018 pedum
1191 1974 1238 2002 VI
1270 1973 1377 2014 s-:-,
1417 1959 1658 2001 crassitudo
1684 1972 1726 2003 ‘25

139 2033 298 2090 pedum
328 2044 402 2085 111,
442 2032 502 2073 ita
538 2030 750 2072 fabricata
789 2030 952 2086 triplici
989 2031 1169 2071 materia
1207 2028 1386 2070 alternis
1425 2042 1471 2068 se
1510 2033 1659 2068 eontra

232 2250 248 2279 1
277 2248 385 2279 fartis
410 2246 514 2288 salga
542 2247 584 2286 G,
613 2246 718 2277 fartis
746 2245 839 2287 alga·
856 2246 892 2276 H
917 2245 980 2286 (L,
1009 2244 1273 2287 faltisalgalc).
1308 2243 1322 2286 Η
1354 2245 1372 2275 2
1398 2243 1598 2274 reicientur
1625 2243 1658 2273 H

140 2303 251 2346 (Llc):
276 2304 469 2335 ——ciantur
497 2304 533 2334 G.
567 2300 581 2344 Η
614 2304 631 2334 7
658 2311 806 2344 supraq3
840 2302 915 2333 GH.
948 2300 962 2344 Η
1000 2304 1019 2333 9
1051 2302 1228 2333 iuducatsi
1259 2305 1337 2332 ante
1368 2310 1457 2331 corr.
1492 2299 1529 2332 G.
1563 2296 1577 2339 Η
1618 2300 1658 2329 10

140 2372 206 2393 eae
234 2361 268 2391 Il
294 2360 356 2399 (L,
385 2359 460 2407 hae·
479 2361 499 2398 l,
527 2359 571 2389 he
598 2358 649 2400 e),
676 2358 720 2401 lug
747 2360 784 2390 G.
813 2355 829 2400 Η
862 2359 901 2389 11
929 2359 959 2389 si
986 2357 1032 2389 ad
1057 2359 1150 2389 doc:
1184 2356 1243 2389 sed
1271 2356 1314 2388 ad
1343 2356 1418 2386 all.
1453 2353 1467 2396 Η
1500 2355 1540 2384 12
1566 2356 1655 2384 tem-

139 2420 266 2459 perate
293 2420 369 2447 (mle
396 2427 486 2449 cnr-r,
515 2416 551 2447 (ι’.
586 2412 600 2456 Η
635 2416 673 2446 13
700 2423 830 2456 oryges
856 2414 907 2446 ed.
927 2414 999 2445 Fl.:
1027 2414 1184 2455 origines
1206 2413 1280 2445 GH.
1304 2410 1318 2453 Η
1346 2413 1385 2442 15
1404 2409 1655 2451 trigoniornm:

139 2475 186 2505 sic
219 2473 294 2504 GH.
329 2468 343 2514 Η
384 2471 658 2513 3,(11111001110111
684 2476 761 2502 ante
793 2481 882 2502 corr.
917 2470 954 2501 G.
988 2467 1002 2512 Η
1034 2470 1070 2501 In
1096 2470 1149 2501 eis
1181 2471 1220 2501 lc.
1251 2467 1265 2510 Η
1301 2469 1338 2499 17
1371 2465 1654 2504 tueanturdoe.2

139 2529 326 2560 intuentur
354 2528 429 2559 GH.
457 2526 472 2569 Η
503 2529 543 2558 19
569 2528 695 2559 hector
713 2525 952 2567 by(i>zantius
979 2526 1014 2556 ll
1040 2525 1193 2566 (GCL‘ch,
1219 2525 1286 2566 hee
1312 2522 1553 2554 toi-bizantius
1578 2525 1656 2551 auce

139 2596 229 2618 corr.
258 2583 300 2627 L)
329 2584 420 2615 llaec
445 2584 687 2615 torbizantins
713 2586 790 2613 ante
823 2593 912 2614 corr.
943 2582 969 2613 G
996 2580 1146 2623 (Agetor
1170 2581 1263 2616 doct,
1290 2580 1454 2619 Hegetor
1480 2576 1577 2608 Selzn.
1609 2586 1655 2607 ea:

142 2640 248 2681 Am).
283 2638 298 2682 Η
336 2642 378 2671 20
410 2640 543 2671 baseos
578 2639 642 2671 GH
674 2637 767 2679 (Ille,
799 2639 861 2669 scd
890 2638 947 2669 c⁶le
971 2638 1090 2679 bases,
1123 2637 1222 2668 basis:
1248 2636 1310 2675 lac).
1345 2633 1358 2675 Η
1393 2632 1580 2673 longitudo
1608 2633 1653 2662 lr':

141 2697 266 2728 —dine
287 2696 322 2726 H
342 2694 447 2735 (hle).
469 2693 485 2738 Η
508 2695 571 2726 LX
599 2721 605 2728 .
627 2718 633 2725 .
653 2719 660 2726 .
687 2694 791 2725 XIII:
818 2694 949 2725 siclis!
967 2693 1104 2734 (LXIII
1132 2718 1138 2724 .
1159 2717 1166 2725 .
1186 2716 1192 2723 .
1214 2692 1315 2722 XLII
1333 2701 1378 2721 eat
1396 2689 1476 2721 Aele.
1496 2687 1618 2727 Maru).
1636 2684 1651 2729 Η

141 2755 183 2784 23
209 2751 356 2794 singula
382 2751 473 2784 Mar.
503 2751 620 2792 (ree.):
649 2750 791 2791 singulo
817 2751 853 2780 ll
878 2749 981 2790 (Llc),
1008 2749 1230 2791 singulorum
1259 2748 1296 2780 G.
1331 2744 1344 2788 Η
1378 2744 1497 2786 palmo
1528 2742 1653 2784 pedali

143 2816 313 2861 GH.1}24
331 2829 394 2851 sex
414 2819 473 2860 qui
491 2818 613 2860 pedali
631 2823 708 2849 ante
727 2828 815 2849 corr.
839 2816 876 2848 G.
895 2814 910 2858 ιι
927 2818 969 2848 25
988 2817 1058 2851 .vr.
1080 2816 1139 2848 s>
1158 2816 1192 2846 ll
1212 2814 1316 2854 (mc),
1337 2837 1342 2843 .
1360 2812 1407 2843 VI
1423 2836 1430 2843 .
1446 2810 1469 2842 s
1486 2810 1551 2844 ,Ν
1577 2811 1613 2842 G.
1635 2810 1649 2852 11

140 2876 182 2906 26
208 2875 344 2915 triplici
371 2873 446 2915 (sic)
468 2874 534 2905 Gll
551 2873 644 2914 (—ci
665 2873 754 2913 lde).
777 2870 792 2914 Η
817 2873 1016 2904 fabricata:
1045 2874 1094 2904 sic
1121 2873 1198 2903 (ill.
1229 2868 1243 2913 Η
1277 2880 1314 2901 sc
1342 2870 1468 2902 contra
1493 2867 1530 2898 Il
1548 2866 1650 2908 (Hc),

142 2931 173 2961 si
200 2932 328 2962 contra
354 2932 380 2962 G
408 2930 481 2970 (sed
507 2929 550 2961 Gc
575 2929 611 2959 sc
630 2929 784 2968 contra).
