1909 3322
276 219 327 260 12
926 229 1135 259 VITRUVH

275 337 415 373 erecta
453 331 606 372 frontis
644 331 786 386 imago
824 332 1078 387 modiceque
1117 332 1233 387 picta
1275 333 1516 374 rationibus
1555 335 1696 390 operis
1729 335 1792 377 fu—

272 400 357 440 turi
380 399 529 453 figura.
590 399 692 440 item
714 399 1053 456 scaenographia
1079 406 1144 441 est
1174 399 1329 441 frontis
1362 407 1403 442 et
1433 399 1615 442 laterum
1645 402 1792 444 absce-

274 467 466 508 dentium
505 465 779 509 adumbratio
825 467 880 508 ad
920 468 1156 523 circinique
1201 474 1396 509 centrum
1433 469 1623 511 omnium
1661 469 1792 512 linea-

271 550 366 575 rum
396 549 643 591 responsus.
702 535 783 576 hae
813 542 1048 577 nascuntur
1079 551 1134 577 ex
1165 536 1426 591 cogitatione
1458 544 1499 578 et
1529 537 1792 580 inventione.

226 611 245 641 5
271 603 476 657 cogitatio
516 610 581 645 est
612 618 732 657 cura,
773 603 907 645 studii
938 603 1066 659 plena
1097 609 1138 645 et
1169 603 1408 646 industriae
1438 605 1792 662 vigilantiaeque,

271 670 446 711 effectus
477 672 690 727 propositi
729 686 826 712 cum
863 671 1100 728 voluptate.
1169 672 1364 713 inventio
1395 678 1539 714 autem
1571 680 1636 716 est
1667 689 1792 731 quae-

270 739 457 788 stionum
504 739 784 781 obscurarum
831 739 1063 796 explicatio
1109 740 1306 796 ratioque
1346 754 1484 781 novae
1530 742 1595 782 rei
1642 743 1792 797 vigore

270 805 421 848 mobili
450 813 633 862 reperta.
693 807 773 848 hae
804 815 904 849 sunt
935 809 1260 849 terminationes
1293 807 1640 865 dispositionum.

382 874 644 931 Eurythmia
674 882 739 916 est
770 882 954 917 venusta
984 876 1149 932 species
1181 875 1516 932 commodusque
1546 877 1591 917 in
1623 892 1790 934 compe-

203 951 243 981 10
270 942 501 984 sitionibus
522 943 813 985 membrorum
843 949 1056 1000 aspectus.
1117 944 1226 985 haec
1258 943 1446 985 efficitur
1477 959 1572 985 eum
1598 945 1793 987 membra

268 1011 410 1067 operis
449 1012 747 1053 convenientis
794 1018 893 1054 sunt
930 1011 1174 1053 altitudinis
1213 1011 1269 1053 ad
1306 1012 1602 1067 latitudinem,
1647 1012 1790 1055 latitu-

269 1078 382 1119 dinis
404 1078 460 1119 ad
481 1078 799 1134 longitudinem
822 1085 863 1121 et
893 1079 948 1120 ad
980 1095 1191 1121 summam
1223 1081 1365 1121 omnia
1394 1080 1659 1137 respondent
1689 1096 1791 1123 suae

267 1147 558 1202 symmetriae.

379 1214 489 1255 Item
513 1216 764 1270 symmetria
786 1222 850 1257 est
872 1231 926 1257 ex
954 1217 1090 1272 ipsius
1122 1217 1264 1273 operis
1295 1217 1499 1259 membris
1530 1217 1791 1259 conveniens

204 1290 243 1320 15
269 1298 502 1324 consensus
558 1298 612 1323 ex
668 1283 950 1340 partibusque
994 1286 1203 1340 separatis
1251 1284 1306 1325 ad
1355 1286 1585 1327 universae
1629 1285 1791 1340 figurae

268 1351 455 1406 speciem
500 1357 618 1392 ratae
662 1352 798 1406 partis
836 1367 1082 1409 responsus.
1150 1353 1214 1394 uti
1252 1353 1297 1393 in
1336 1353 1523 1394 hominis
1562 1367 1738 1409 corpore
1769 1367 1790 1393 e

269 1418 413 1459 cubito
459 1418 569 1474 pede
618 1418 759 1474 palmo
800 1420 938 1475 digito
986 1421 1225 1476 ceterisque
1270 1420 1493 1477 particulis
1533 1427 1790 1476 symmetros

269 1492 334 1527 est
372 1486 641 1542 eurythmiae
682 1486 887 1542 qualitas,
934 1489 997 1529 sie
1031 1494 1096 1529 est
1134 1489 1178 1529 in
1219 1503 1395 1544 operum
1433 1488 1788 1545 perfectionibus.

270 1560 311 1594 et
347 1554 532 1609 primum
570 1555 615 1594 in
653 1554 833 1596 aedibus
873 1556 1006 1596 sacris
1044 1562 1118 1597 aut
1160 1571 1182 1596 e
1213 1555 1505 1598 columnarum
1537 1556 1787 1597 crassitudi—

200 1631 243 1660 20
267 1622 396 1662 nibus
444 1628 518 1662 aut
554 1621 777 1678 triglypho
815 1630 889 1664 aut
928 1624 1056 1665 etiam
1095 1623 1286 1677 embate,
1335 1623 1411 1665 sed
1450 1630 1491 1665 et
1527 1623 1728 1666 ballistae
1767 1640 1789 1665 e

268 1689 501 1742 foramine,
535 1689 649 1744 quod
680 1688 837 1731 Graeci
869 1705 1117 1746 περιτρημα
1147 1692 1361 1746 vocitant,
1402 1693 1527 1733 navis
1565 1692 1786 1734 interscal-

267 1757 368 1810 mio,
401 1756 520 1813 quod
551 1756 778 1812 διαπηγμα
799 1758 978 1811 dicitur,
1005 1750 1114 1799 ‘item
1145 1766 1385 1801 ceterorum
1415 1758 1592 1817 operum
1613 1775 1635 1801 e
1657 1774 1786 1801 mem-

268 1825 358 1866 bris
390 1825 612 1866 invenitur
643 1827 991 1880 symmetriarum
1022 1827 1308 1869 ratiocinatio.

381 1892 525 1933 Decor
568 1898 710 1933 autem
758 1900 822 1934 est
865 1893 1117 1936 emendatus
1163 1896 1304 1950 operis
1348 1902 1548 1951 aspectus
1595 1895 1787 1952 probatis

200 1967 243 1997 25
268 1960 396 2006 rebus
419 1960 646 2015 compositi
669 1975 763 2000 cum
793 1961 1064 2002 auctoritate.
1125 1963 1160 2002 is
1193 1962 1412 2017 perficitur
1443 1964 1641 2016 statione,
1674 1964 1788 2019 quod

268 2041 421 2081 graece
471 2031 747 2081 θεματισμωι
797 2027 976 2080 dicitur,
1029 2044 1104 2069 seu
1156 2029 1465 2071 consuetudine
1509 2037 1583 2072 aut
1621 2038 1785 2072 natura.

270 2095 476 2148 statione,
521 2109 616 2135 cum
647 2095 743 2136 Iovi
776 2095 957 2151 Fulguri
990 2103 1030 2137 ct
1061 2095 1191 2138 Caele
1224 2103 1265 2138 et
1296 2097 1386 2139 Soli
1418 2104 1459 2139 et
1488 2097 1640 2139 Lunae
1670 2099 1785 2140 aedi-

362 2246 377 2273 1
405 2242 563 2286 iiiimago
589 2245 653 2276 HC.
688 2242 702 2286 Η
742 2246 761 2276 5
788 2255 875 2277 eura
907 2245 992 2284 (scil.
1025 2244 1170 2277 effectus
1202 2247 1409 2288 propositi).
1441 2244 1457 2288 Η
1495 2249 1513 2279 7
1539 2248 1710 2289 raeioque
1747 2250 1785 2289 G,

271 2301 404 2342 ratioq3
431 2300 540 2341 JJ<L,
568 2301 708 2331 ratione
726 2300 880 2342 vaffle).
911 2299 925 2342 ΙΙ
957 2303 977 2333 8
1002 2300 1296 2343 dispositionum:
1322 2304 1370 2334 sic
1391 2304 1466 2335 GH.
1500 2300 1514 2345 Η
1546 2306 1566 2335 9
1585 2304 1788 2345 eurythmia

273 2358 349 2390 (ill,
388 2354 403 2399 Ι]
444 2359 482 2387 11
517 2356 770 2388 convenientis
807 2369 885 2399 eqo:
932 2358 1190 2390 convenientia
1229 2360 1307 2391 Gll.
1346 2357 1361 2401 Η
1400 2361 1440 2390 12
1477 2360 1701 2401 respondent
1741 2362 1785 2392 G:

272 2413 426 2444 *adeant
451 2413 488 2443 H
514 2411 618 2453 (Lle).
651 2410 664 2454 Ι]
705 2414 744 2444 16
770 2416 848 2455 rate
879 2414 919 2445 G:
955 2414 1030 2455 late
1056 2415 1093 2445 ll
1120 2414 1236 2454 (Phelz,
1263 2414 1336 2446 late
1361 2415 1475 2456 Llpv).
1508 2413 1522 2457 ΙΙ
1562 2417 1602 2447 17
1635 2427 1787 2457 symme—

272 2475 342 2500 [ros
371 2470 414 2500 G:
448 2469 639 2500 sinmetros
666 2470 703 2500 H
721 2467 824 2509 (Llc).
859 2468 874 2511 ΙΙ
910 2471 950 2501 18
973 2475 1051 2511 post
1076 2471 1365 2512 perfectionibus
1389 2472 1526 2503 rubrzea
1551 2473 1584 2503 in
1611 2473 1686 2504 GH.
1726 2484 1784 2507 111,

270 2527 323 2557 De
348 2525 500 2556 aedibus
527 2525 642 2556 sacris
675 2524 751 2565 (sed
773 2527 845 2557 sine
876 2537 959 2560 num.
986 2527 1050 2567 ll).
1090 2525 1105 2569 Η
1142 2529 1185 2560 20
1212 2528 1374 2565 embate,
1408 2528 1470 2560 sed
1497 2531 1532 2559 et
1566 2529 1741 2560 ballistae
1768 2541 1786 2562 e

272 2581 445 2613 foramine
472 2591 550 2621 esso:
578 2582 763 2613 embaterc
789 2582 966 2614 ballistae
994 2581 1186 2624 (ballistae
1213 2585 1259 2621 ll,
1287 2583 1420 2616 baliste
1442 2584 1482 2625 G)
1518 2584 1694 2617 foramine
1721 2586 1787 2616 GH

272 2638 391 2677 (fuerit
419 2638 490 2668 scil.
522 2638 555 2668 in
580 2637 764 2678 archetypo
798 2643 1094 2671 emnet'rei‘cnotm.
1212 2641 1233 2673 i.
1265 2651 1294 2672 e.
1324 2641 1500 2672 embates
1518 2640 1665 2681 eham).
1698 2639 1713 2682 ΙΙ
1744 2641 1784 2672 21

271 2704 483 2736 περιτρημα
509 2693 660 2734 Κόοῆἰῃε
686 2696 883 2735 peritreton
911 2696 988 2728 GH.
1007 2693 1021 2738 Η
1039 2696 1144 2728 navis
1169 2707 1245 2738 ερατ
1288 2697 1419 2738 Nav1b3
1448 2694 1670 2739 Gll.{1inter
1696 2697 1786 2728 scal-

272 2749 340 2781 mio
369 2750 436 2780 GH
453 2750 509 2789 (L,
535 2749 775 2791 intersealpio
795 2751 947 2792 vable).
978 2749 992 2793 Η
1025 2754 1067 2783 22
1086 2752 1178 2793 quod
1198 2752 1397 2795 διαπηγμα
1421 2762 1498 2793 eqo:
1526 2762 1619 2793 quae
1639 2751 1722 2795 (que
1743 2752 1784 2792 G)

272 2816 490 2856 (hpheeiaea
517 2816 582 2847 GH
608 2817 740 2858 (Lpble,
767 2827 847 2858 quae
867 2818 1048 2851 ‹hfeciaca
1066 2818 1142 2860 Pv).
1166 2817 1180 2861 Η
1211 2822 1253 2852 23
1285 2809 1508 2860 synm&r1÷il¹n
1535 2819 1581 2850 Il.
1615 2816 1629 2861 ΙΙ
1661 2821 1703 2852 25
1722 2810 1786 2851 aut

274 2869 424 2912 (autem)
455 2876 533 2903 mete
565 2883 643 2904 cum
674 2874 754 2905 add.
790 2874 842 2906 GC.
876 2872 890 2916 11
923 2876 965 2906 26
990 2874 1215 2919 θεματισμῷ
1247 2886 1326 2916 eqo:
1367 2875 1598 2907 thematismo
1627 2876 1693 2907 GH
1724 2875 1785 2916 (ef.

273 2926 369 2959 Seaet.
395 2938 477 2968 emp.
504 2930 579 2961 mlv.
604 2930 701 2963 malle.
727 2930 758 2970 l,
788 2930 879 2971 149).

1818 888 1838 917 3
