1909 3322
209 933 248 964 10

210 1270 244 1299 15¹¹

209 1943 227 1972 [Φ

233 1942 251 1973 σι

231 1281 248 1300 ι)

276 202 357 244 174
923 208 1132 238 VITRUVII

274 313 456 355 rotunda
488 316 616 363 tecta,
647 310 922 364 fastigiorum
952 309 1244 366 prominentes
1266 322 1490 361 versuras,
1529 320 1790 362 coronasque

275 380 487 436 capitibus
524 378 707 420 leoninis
740 383 909 419 ornatas
942 391 1050 433 quae
1080 376 1223 418 onmia
1253 374 1573 416 stillicidiorum
1606 388 1628 414 e
1665 374 1790 414 tectis

274 449 433 489 habent
469 447 700 499 rationem⁷
739 451 963 501 praeterea
994 458 1124 499 supra
1162 457 1254 483 eam
1292 440 1571 482 nihilominus
1604 442 1790 496 episcae-

272 517 413 568 nium,
446 514 491 555 in
513 528 594 569 quo
624 512 731 554 tholi
761 512 913 569 pronai
952 510 1239 564 semifastigia
1260 508 1484 564 omnisque
1511 508 1616 549 tecti
1644 507 1790 548 varius

272 582 452 639 picturis
498 581 637 623 fuerat
674 586 870 632 ornatus,
918 579 1062 634 itaque
1110 592 1206 618 cum
1243 582 1443 632 aspectus
1483 576 1572 616 eius
1612 589 1791 616 scaenae

272 655 448 707 propter
492 648 769 705 asperitatem
807 646 1103 688 eblandiretur
1140 645 1330 686 omnium
1368 644 1487 685 visus
1529 649 1570 684 et
1616 643 1700 683 iam
1745 641 1790 682 id

273 733 378 774 opus
417 717 601 774 probare
631 715 816 756 fuissent
855 714 997 770 parati
1007 745 1018 765 ,
1057 718 1149 753 tum
1178 710 1434 767 Licymnius
1464 709 1790 751 mathematicus

272 784 434 841 prodiit
467 791 508 826 et
545 784 606 825 ait
634 781 912 824 Alabandeas
946 781 1049 822 satis
1086 785 1252 820 acutos-
1273 778 1329 819 ad
1359 793 1505 819 omnes
1535 791 1603 818 res
1640 776 1790 818 civiles

276 852 448 906 haberi,
482 851 557 893 sed
588 857 764 907 propter
785 864 869 890 non
889 862 1093 902 magnum
1116 847 1272 888 vitium
1292 845 1564 887 indecentiae
1584 845 1790 901 insipien-

273 927 337 962 tes
370 934 440 961 eos
483 933 576 960 esse
615 918 851 970 iudicatos,
893 915 1007 972 quod
1044 916 1090 955 in
1119 914 1346 970 gymnasio
1378 928 1522 954 00111111
1554 926 1662 968 quae
1694 917 1792 953 sunt

275 994 440 1028 statuae
490 1001 635 1027 onmes
686 991 785 1026 sunt
830 998 979 1025 causas
1025 988 1223 1037 agentes,
1269 981 1361 1022 foro
1409 980 1553 1022 discos
1597 986 1790 1021 tenentes

274 1062 348 1097 aut
378 1061 596 1095 currentes
629 1067 703 1093 seu
734 1051 821 1107 pila
850 1050 1062 1091 ludentes.
1129 1050 1190 1090 ita
1226 1049 1430 1089 indecens
1460 1048 1573 1089 inter
1602 1046 1790 1088 locorum

274 1123 557 1178 proprietates
597 1126 733 1161 status
773 1120 994 1174 signorum
1030 1116 1203 1173 publice
1243 1116 1410 1156 civitati
1449 1115 1604 1156 1711111111
1642 1115 1790 1155 existi-

274 1190 475 1230 mationis
516 1188 688 1229 adiecit.
760 1187 984 1227 videamus
1022 1186 1126 1225 item
1162 1198 1277 1224 nunc
1315 1197 1369 1223 ne
1399 1183 1600 1239 Apaturii
1638 1196 1793 1222 scaena

275 1257 435 1297 efficiat
459 1262 499 1297 et
530 1270 607 1297 1105
629 1254 904 1296 Alabandeas
936 1259 1009 1293 aut
1039 1251 1290 1293 Abderitas.
1352 1250 1425 1305 qui
1457 1251 1569 1290 enim
1599 1255 1791 1290 vestrum

275 1325 422 1365 domos
447 1338 575 1379 supra
605 1321 846 1377 tegularum
876 1326 990 1362 tecta
1020 1325 1161 1375 potest
1191 1318 1350 1360 habere
1373 1324 1445 1358 aut
1476 1316 1694 1358 columnas
1717 1331 1792 1357 seu

275 1392 547 1446 fastigiorum
588 1388 933 1445 explicationes?
993 1387 1099 1427 haec
1138 1387 1250 1427 enim
1289 1399 1417 1441 supra
1449 1385 1791 1439 contignationes

274 1465 492 1515 ponuntur
502 1491 512 1511 ,
558 1473 643 1499 11011
682 1471 810 1512 supra
854 1454 1096 1510 tegularum
1140 1460 1268 1494 tecta.
1344 1454 1380 1493 si
1419 1467 1520 1507 ergo
1560 1466 1669 1507 quae
1706 1467 1793 1493 non

275 1532 456 1583 possunt
487 1526 532 1565 in
562 1526 748 1566 veritate
778 1523 989 1565 rationem
1019 1521 1178 1562 habere
1217 1521 1321 1561 facti
1351 1520 1396 1560 in
1427 1521 1605 1575 pic-turis
1636 1519 1790 1575 proba-

276 1595 490 1646 verimus,
522 1593 773 1633 accedemus
798 1597 839 1632 et
870 1606 945 1632 nos
977 1589 1044 1630 1115
1071 1588 1322 1629 civitatibus
1345 1602 1453 1643 quae
1483 1592 1657 1642 propter
1687 1587 1792 1627 haee

276 1662 384 1702 vitia
430 1661 684 1716 insipientes
727 1665 826 1700 sunt
870 1657 1099 1699 iudicatae.
1174 1656 1332 1711 itaque·
1359 1655 1598 1710 Apaturius
1644 1660 1792 1694 contra

274 1728 536 1784 respondere
567 1743 653 1770 non
685 1733 749 1768 est
778 1740 929 1779 ausus,
964 1724 1040 1766 sed
1071 1723 1248 1764 sustulit
1278 1736 1475 1763 scaenam
1506 1727 1547 1762 et
1577 1721 1632 1761 ad
1662 1722 1792 1762 ratio—.

275 1811 374 1837 nem
394 1795 591 1836 veritatis
624 1800 928 1845 commutatam
957 1799 1108 1849 postea
1129 1796 1363 1832 correctam
1385 1789 1657 1846 adprobavit.
1707 1789 1790 1830 uti-

275 1879 374 1905 nam
406 1864 468 1903 dii
508 1861 756 1904 inmortales
794 1862 1000 1902 fecissent
1037 1860 1101 1901 uti
1140 1858 1393 1914 Licymnius
1432 1856 1714 1898 revivisceret
1751 1862 1791 1896 et

277 1932 511 1985 corrigeret
547 1930 657 1971 hanc
693 1930 925 1970 amentiam
961 1928 1323 1982 tectoriorumque
1354 1925 1541 1966 errantia
1578 1924 1791 1964 instituta.

276 2114 452 2145 hunorum
478 2112 515 2143 H
539 2112 654 2152 (GCLA
682 2110 826 2153 pholum
851 2120 986 2142 morum
1012 2110 1076 2147 elz).
1104 2105 1118 2149 Η
1150 2110 1169 2140 2
1197 2107 1313 2140 leonis
1338 2111 1415 2139 ante
1440 2118 1530 2140 corr.
1557 2107 1596 2141 G.
1625 2104 1639 2148 Η
1667 2108 1687 2138 3
1714 2117 1791 2138 eam

277 2171 369 2202 doc-t
397 2179 441 2200 ea
469 2169 545 2200 Gli.
578 2166 592 2210 Η
623 2170 643 2199 4
670 2178 738 2208 quo
764 2168 869 2200 Phia:
897 2177 967 2208 qua
995 2166 1070 2197 GH.
1093 2162 1111 2208 Η
1133 2164 1260 2206 pronai
1285 2165 1325 2194 Il
1340 2163 1450 2204 (Lle):
1477 2163 1581 2205 proni
1607 2162 1701 2203 (pni)
1718 2163 1756 2195 G.
1774 2161 1788 2203 Η

278 2227 297 2256 6
323 2225 434 2257 etiam
463 2225 537 2255 GII.
571 2221 585 2265 Η
617 2225 635 2255 7
661 2223 872 2263 Licymnius
900 2223 1009 2262 Silligy:
1046 2221 1219 2252 lichinius
1247 2220 1316 2252 GH
1344 2218 1517 2260 (lichinus
1548 2220 1606 2255 LI,
1637 2218 1792 2250 lichinos

278 2282 344 2322 eh).
375 2279 389 2323 Η
421 2281 441 2312 8
466 2279 698 2311 Alabandeas
726 2280 933 2311 Lachmann:
962 2277 1165 2309 alabandas
1186 2277 1223 2313 G,
1250 2275 1442 2307 alabandis
1467 2275 1505 2306 Il
1523 2273 1626 2315 (Llc).
1648 2272 1663 2317 Η
1685 2276 1704 2306 9
1729 2275 1792 2306 ha-

278 2338 356 2369 beri
384 2338 426 2370 G:
453 2336 586 2367 habere
613 2336 652 2366 H
674 2334 779 2376 (Llc).
811 2332 825 2377 Η
858 2334 1088 2366 indecentiae
1114 2334 1153 2364 H
1169 2330 1278 2373 (Llc):
1305 2331 1516 2363 indecentia
1537 2331 1574 2364 G.
1598 2328 1612 2373 Η
1638 2332 1677 2362 10
1702 2331 1792 2362 iudi-

279 2398 381 2426 catos
410 2394 453 2426 G:
479 2392 662 2424 iudicatus
688 2392 727 2422 Il
749 2390 878 2432 (meh).
909 2388 922 2432 Η
952 2389 1069 2432 ingi(y
1083 2388 1271 2430 L)mnasio
1291 2388 1318 2419 G
1337 2386 1414 2428 (L):
1446 2387 1654 2429 ingipnasio
1676 2388 1716 2418 Il
1740 2386 1790 2427 (in

279 2450 458 2492 gypnasio
482 2451 504 2487 l,
529 2449 565 2479 in
593 2448 791 2489 egypnasio
817 2446 882 2486 eh).
916 2445 930 2488 Η
964 2448 999 2477 11
1031 2456 1162 2478 causas
1191 2446 1233 2477 G:
1262 2454 1374 2475 causa
1400 2444 1437 2474 ll
1461 2442 1563 2483 (Llc).
1597 2440 1611 2483 Η
1643 2445 1791 2484 agentes

278 2506 480 2538 forodiscos
508 2505 577 2537 GII
599 2505 664 2545 (ele,
691 2504 869 2535 frodiscos
896 2503 939 2540 L,
975 2503 1052 2534 foro
1079 2502 1199 2533 discos
1227 2501 1292 2540 Gl).
1318 2501 1354 2531 iu
1378 2501 1458 2534 add.
1484 2500 1559 2531 Joc.
1592 2496 1607 2541 Η
1639 2500 1680 2531 13
1706 2499 1792 2530 civi-

279 2562 347 2593 tati
372 2562 465 2594 ‹Joc.:
498 2561 591 2592 —tis
624 2560 699 2591 GH.
730 2557 744 2601 Η
777 2559 1058 2591 existimationis
1093 2559 1136 2590 G:
1174 2567 1282 2588 -—nes
1308 2557 1344 2587 H
1370 2554 1472 2596 (Llc).
1502 2553 1517 2597 Η
1556 2556 1596 2585 14
1620 2565 1665 2586 ne
1696 2554 1791 2596 Apa-

279 2619 366 2649 turii
391 2620 461 2650 ech:
489 2614 737 2658 neapiclturis
765 2616 830 2645 (r'll
856 2615 909 2654 (le.
937 2625 980 2646 ne
1008 2613 1183 2656 zipicturis
1208 2613 1244 2643 z'd
1268 2617 1318 2644 est
1342 2622 1386 2643 ne
1412 2622 1433 2642 a
1458 2611 1612 2653 picturis
1631 2609 1688 2650 L).
1711 2607 1725 2650 Η
1751 2610 1792 2641 15

280 2674 482 2706 alabandas
511 2673 579 2705 GH
603 2671 657 2713 (L,
685 2669 939 2711 absslabandas
965 2673 986 2710 Ι,
1015 2669 1242 2702 adlabandas
1268 2668 1333 2708 (Ἰι).
1365 2665 1380 2710 Η
1412 2668 1487 2708 qui:
1518 2668 1566 2698 sic
1594 2666 1670 2699 GH.
1703 2663 1717 2706 Η
1751 2666 1790 2696 16

281 2733 344 2761 aut
372 2731 416 2763 G:
443 2729 487 2761 ad
512 2730 553 2760 H
575 2728 617 2769 (c,
644 2728 689 2759 ab
715 2726 761 2767 h).
793 2725 806 2769 Η
841 2729 879 2758 17
907 2726 1170 2768 explicationes
1198 2725 1239 2756 G:
1274 2724 1484 2765 explitionis
1509 2722 1547 2753 ll
1578 2720 1649 2761 (elz,
1677 2720 1790 2762 expli-

281 2787 437 2829 cationis
466 2787 505 2824 L,
533 2783 783 2827 [expolitionis
810 2780 841 2823 υἸ
870 2782 1112 2824 expolitiones
1136 2779 1171 2821 I).
1197 2777 1211 2822 Η
1235 2780 1527 2821 contignationes
1555 2780 1599 2811 G:
1626 2778 1728 2808 -nis
1754 2777 1794 2807 II

283 2842 362 2882 (elz).
396 2839 410 2884 Η
442 2843 484 2873 20
511 2841 727 2873 accedemus
753 2840 824 2870 eth:
852 2839 1057 2870 accedimus
1085 2838 1160 2870 GII.
1184 2834 1198 2879 Η
1220 2838 1262 2868 23
1289 2846 1366 2867 cum
1392 2837 1567 2866 mutatam
1584 2834 1623 2864 Il
1647 2834 1694 2871 (et
1711 2839 1789 2865 ante

281 2908 369 2929 corr.
386 2898 442 2940 L).
461 2896 475 2941 Η
494 2896 712 2940 adprobauit
727 2896 770 2930 G:
791 2895 889 2927 -bit
903 2895 938 2925 Il
953 2892 1059 2936 (Llc).
1076 2891 1091 2937 Η
1107 2895 1150 2925 24
1163 2892 1216 2924 uti
1229 2892 1373 2924 licinius
1391 2890 1466 2924 GH.
1484 2888 1499 2934 Η
1515 2892 1557 2923 25
1573 2890 1730 2922 errentia
1748 2890 1786 2922 G.
