1909 3322
120 588 154 620 II

127 657 146 686 6

177 200 230 241 88
825 211 1034 240 virnnvn

172 312 513 367 symmetriarum
555 325 633 351 nec.
671 310 964 352 columnarum
1002 326 1136 367 genus
1183 313 1300 354 aliud
1338 316 1558 357 nominare
1595 333 1690 373 pos-

173 394 339 431 sumus,
386 377 461 417 sed
507 377 697 433 ipsorum
746 378 957 420 vocabula
1000 379 1199 421 traducta
1247 387 1287 422 et
1333 389 1592 425 commutata
1636 399 1691 425 ex

173 445 395 487 corinthiis
435 450 475 485 et
513 444 747 500 pulvinatis
781 452 822 487 et
854 446 1012 487 doricis
1044 447 1263 501 videnum,
1297 463 1477 504 quorum
1507 465 1689 507 symme-

173 514 280 554 triae
312 518 410 553 sunt
446 512 489 552 in
528 527 735 554 novarum
774 513 1083 570 scalpturarum
1123 514 1353 557 translatae
1391 516 1690 560 subtilitatem.

286 579 503 631 Quoniam
539 586 681 621 autem
719 580 772 622 de
809 581 1039 636 generibus
1085 581 1379 624 columnarum
1425 585 1611 640 origines
1651 593 1691 627 et

173 647 443 688 inventiones
483 662 611 703 supra
648 654 747 689 sunt
785 650 992 704 scriptae,
1032 664 1118 690 non
1155 649 1343 692 alienum
1382 651 1488 693 mihi
1519 653 1693 695 videtur

173 713 309 754 isdem
347 714 585 755 rationibus
627 714 680 754 de
718 717 978 757 ornamentis
1019 731 1163 757 eorum
1202 718 1562 773 quemadmodum
1593 728 1692 762 sunt

172 787 383 836 prognata
421 787 462 822 et
502 781 656 836 quibus
698 784 923 838 principiis
963 789 1003 824 et
1043 784 1283 838 originibus
1320 786 1498 828 inventa
1534 787 1690 829 dicere.

172 849 216 888 in
262 847 470 889 aedificiis
517 849 713 890 omnibus
759 851 934 907 insuper
977 851 1224 893 conlocatur
1270 855 1512 895 materiatio
1558 857 1690 897 variis

110 926 150 956 10
180 914 400 957 vocabulis
431 916 664 957 nominata.
726 932 774 957 ea
804 924 948 958 autem
978 920 1041 959 uti
1072 920 1117 959 in
1146 921 1525 976 nominationibus,
1557 923 1617 964 ita
1648 925 1692 964 in

106 1263 145 1293 15

104 2269 146 2298 30

170 998 216 1023 re
257 983 395 1023 varias
437 983 566 1024 habet
602 983 827 1026 utilitates.
887 985 1030 1027 trabes
1071 987 1184 1027 enim
1223 1002 1352 1044 supra
1389 988 1606 1030 columnas
1651 998 1692 1032 et

172 1051 450 1105 parastaticas
491 1057 530 1091 et
560 1057 681 1092 antas
714 1059 951 1107 ponuntur,
991 1055 1035 1095 in
1074 1055 1467 1110 contignationibus
1500 1058 1620 1113 tigna
1651 1065 1692 1099 et

170 1132 287 1157 axes.
349 1117 428 1158 sub
467 1118 613 1171 tectis,
655 1120 691 1159 si
728 1121 889 1160 maiora
926 1121 1065 1176 spatia
1095 1129 1216 1176 sunt,
1263 1129 1304 1164 et
1334 1130 1521 1166 transtra
1552 1132 1593 1167 et
1624 1141 1690 1167 ca-

172 1184 326 1240 preoli,
375 1185 410 1225 si
450 1185 692 1239 commoda,
742 1186 937 1228 columen
976 1194 1016 1229 et
1056 1189 1265 1231 cantherii
1311 1192 1598 1247 prominentes
1635 1194 1692 1235 ad

171 1257 407 1292 extremam
434 1252 860 1306 suggrundationem.
918 1270 1047 1311 supra
1068 1256 1308 1299 cantherios
1330 1259 1502 1315 templa,
1536 1260 1693 1301 deinde

172 1319 345 1374 insuper
376 1318 454 1361 sub
486 1318 652 1374 tegulas
684 1336 846 1362 asseres
879 1324 938 1364 ita
970 1325 1259 1379 prominentes
1297 1327 1360 1366 uti
1382 1328 1565 1382 parietes
1596 1344 1690 1385 pro-

172 1387 346 1426 iecturis
392 1401 537 1427 eorum
582 1393 794 1442 tegantur.
862 1391 922 1431 ita
958 1406 1239 1448 unaquaeque
1282 1408 1349 1434 res
1392 1401 1432 1436 et
1470 1394 1610 1437 locum
1650 1402 1691 1437 et
1716 1416 1724 1424 -

171 1468 305 1508 genus
352 1460 394 1494 et
439 1454 631 1494 ordinem
680 1458 899 1512 proprium
944 1464 1099 1499 tuetur.
1168 1474 1190 1500 e
1229 1461 1383 1515 quibus
1422 1462 1549 1504 rebus
1588 1470 1629 1505 et
1667 1480 1691 1505 a

172 1521 448 1561 materiatura
479 1520 623 1562 fabrili
655 1524 699 1563 in
730 1523 910 1580 lapideis
944 1532 983 1566 et
1012 1528 1260 1567 marmoreis
1282 1528 1454 1569 aedium
1476 1545 1691 1572 sacra-rum

171 1587 546 1629 aedificationibus
583 1590 768 1631 artifices
808 1592 1109 1648 dispositiones
1149 1609 1294 1635 eorum
1334 1595 1560 1652 scalpturis
1592 1606 1691 1640 sunt

172 1655 330 1695 imitati
372 1662 412 1696 et
452 1670 520 1695 eas
566 1657 837 1700 inventiones
886 1660 1203 1716 persequendas
1250 1669 1525 1718 putaverunt.
1593 1665 1689 1707 ideo

172 1721 285 1777 quod
316 1723 483 1778 antiqui
515 1723 626 1764 fabri
667 1726 853 1779 quodam
884 1728 927 1767 in
958 1727 1050 1768 loco
1080 1729 1378 1784 aedificantes,
1420 1746 1515 1772 cum
1546 1733 1605 1774 ita
1635 1734 1689 1774 ab

170 1789 447 1831 interioribus
479 1791 714 1845 parietibus
746 1793 801 1833 ad
833 1800 1046 1836 extremas
1079 1803 1222 1852 partes
1254 1799 1373 1853 tigna
1403 1801 1691 1855 prominentia

171 1855 421 1898 habuissent
452 1858 687 1912 conlocata,
720 1861 831 1901 inter
863 1862 983 1916 tigna
1005 1869 1255 1905 struxerunt
1277 1880 1490 1922 supraque
1512 1882 1688 1909 coronas

130 1934 141 1940 ·
172 1930 212 1964 et
243 1924 418 1977 fastigia
448 1927 694 1967 venustiore
732 1928 873 1982 specie
911 1929 1138 1971 fabrilibus
1181 1932 1381 1987 operibus
1413 1943 1688 1989 ornaverunt,

170 1996 261 2030 tum
292 1990 554 2045 proiecturas
586 1993 804 2047 tignorum
844 2002 1050 2050 quantum
1091 1998 1336 2040 eminebant
1373 2000 1427 2040 ad
1459 2000 1615 2042 lineam
1648 2010 1689 2044 et

170 2057 521 2112 perpendiculum
551 2060 760 2114 parietum
792 2071 1138 2116 praesecuerunt,
1171 2080 1279 2121 quae
1310 2068 1474 2122 species
1506 2083 1602 2110 cum
1623 2071 1685 2110 in-

171 2130 351 2164 venusta
396 2125 430 2164 is
470 2126 564 2166 visa
601 2134 711 2168 esset
748 2128 928 2169 tabellas
968 2131 1027 2171 ita
1072 2131 1275 2173 formatas
1320 2135 1385 2175 uti
1428 2150 1541 2176 nunc
1580 2136 1688 2179 fiunt

170 2191 379 2247 triglyphi
417 2199 564 2234 contra
602 2195 817 2249 tignorum
856 2198 1142 2251 praecisiones
1182 2200 1227 2240 in
1257 2200 1397 2242 fronte
1428 2202 1615 2245 fixerunt
1646 2211 1687 2246 et

172 2273 240 2298 eas
273 2273 368 2299 cera
400 2260 592 2301 caerulea
614 2261 904 2318 depinxerunt
935 2271 980 2306 ut
1001 2267 1287 2321 praecisiones
1310 2270 1526 2324 tignorum
1548 2278 1688 2314 tectae

170 2340 254 2366 non
292 2326 555 2368 offenderent
592 2329 760 2369 visum:
808 2331 867 2371 ita
907 2332 1140 2374 divisiones
1179 2335 1397 2389 tignorum
1436 2344 1574 2379 tectae
1610 2340 1685 2380 tri—

260 2471 279 2499 3
305 2468 447 2500 doracis
476 2470 513 2500 G.
554 2467 567 2510 Η
608 2472 644 2501 11
678 2481 715 2501 re
748 2472 840 2505 Just:
878 2484 936 2505 res
971 2475 1046 2509 GH,
1082 2473 1096 2518 Η
1136 2478 1259 2508 traues
1290 2482 1367 2510 ante
1392 2490 1483 2512 corr.
1508 2480 1556 2514 H.
1588 2478 1603 2523 Η
1644 2484 1685 2515 13

171 2524 292 2565 spatia
317 2527 401 2555 sunt
427 2528 463 2556 et
482 2528 658 2558 transtra:
684 2529 732 2557 sie
752 2528 827 2559 (ill.
860 2530 891 2560 in
910 2531 1006 2562 codd.
1034 2531 1105 2573 (qui
1121 2542 1166 2562 ea*
1186 2532 1229 2571 G)
1254 2544 1322 2567 rec,
1336 2539 1415 2575 post
1435 2539 1518 2567 sunt
1545 2538 1684 2578 irrepsit

170 2580 282 2619 ylo-esa
312 2582 358 2611 ad
386 2592 456 2612 voa.
484 2581 650 2613 columen
677 2582 717 2622 (υ.
747 2585 814 2621 14).
852 2582 865 2626 Η
906 2586 1066 2628 capreoli
1094 2588 1121 2618 G
1146 2587 1280 2627 (-—eoli
1307 2590 1384 2629 Gc):
1419 2592 1621 2632 capraeolis
1646 2593 1687 2623 H

173 2632 368 2676 (capreolis
393 2637 442 2676 ch,
470 2637 654 2678 capraeoli
682 2637 738 2678 L).
772 2636 785 2679 Η
821 2641 859 2670 14
886 2643 986 2673 como
1009 2642 1013 2683 Ι
1037 2642 1200 2674 columen
1231 2649 1310 2677 ante
1340 2656 1430 2679 corr.
1459 2647 1486 2677 G
1517 2647 1576 2686 (da
1604 2654 1685 2689 post

172 2720 271 2750 como
295 2724 404 2761 suppl.
435 2718 504 2762 GC).
522 2718 536 2763 Η
556 2722 595 2752 16
621 2722 835 2763 subtegulas
860 2734 959 2757 seres
976 2730 1053 2758 (mee
1079 2737 1167 2761 corr.
1190 2728 1227 2761 G.
1246 2725 1260 2770 Η
1278 2705 1421 2761 abdelle}
1448 2731 1476 2760 L
1504 2730 1562 2771 (ef.
1586 2732 1688 2774 Graff

172 2773 224 2811 Il,
253 2774 343 2814 494).
377 2773 390 2818 Η
419 2777 636 2818 proiecturis
668 2778 728 2816 (G0
753 2783 785 2809 et
814 2780 833 2810 le
865 2792 934 2812 eum
965 2782 1068 2823 rec.):
1106 2785 1326 2824 protecturis
1358 2785 1399 2815 ΙΙ
1427 2784 1504 2827 (Le)
1542 2792 1574 2818 et
1605 2794 1681 2819 ante

171 2839 259 2860 corr.
282 2830 317 2862 G.
340 2828 354 2872 Η
378 2833 419 2862 26
437 2832 874 2875 proiecturalstignorum
888 2838 924 2867 ll
945 2838 970 2877 (l
985 2843 1017 2870 et
1032 2844 1108 2870 ante
1123 2849 1213 2870 corr.
1230 2839 1274 2879 c).
1297 2838 1310 2882 Η
1334 2843 1369 2871 et
1384 2839 1682 2882 perpendiculum

177 2884 228 2914 ll:
259 2885 560 2926 adppendiculum
588 2890 614 2920 G
642 2888 684 2930 (Sc
698 2890 813 2932 adpp.
838 2895 949 2934 suppl.
977 2895 1045 2935 (1¹0).
1079 2892 1092 2936 Η
1125 2895 1166 2926 28
1193 2895 1238 2926 is:
1265 2895 1321 2927 his
1349 2896 1417 2927 Gll
1440 2896 1513 2938 (Le,
1542 2899 1571 2931 is
1597 2900 1633 2940 l).
