1909 3322
214 221 296 262 272
864 224 1075 254 VITRUVH

216 347 291 374 eae
320 334 615 387 temperentur
646 342 668 368 e
697 341 831 368 nervo
862 325 1104 382 capilloque
1134 325 1259 366 tortis
1291 323 1567 374 rudentibus,
1600 336 1734 378 quan-

79 409 202 442 XVIII
215 407 306 441 tum
338 394 701 454 comprehendere
743 393 915 450 scriptis
956 399 1104 449 potero
1134 407 1221 433 non
1250 391 1603 447 praetermittam.
1664 405 1732 431 su-
1760 395 1858 437 (XII)

214 472 388 508 muntur
416 466 539 519 tigna
558 462 827 519 amplissima
847 460 1133 516 longitudine,
1164 473 1294 515 supra
1313 457 1505 513 figuntur
1526 457 1734 511 chelonia,

215 536 259 575 in
283 533 439 590 quibus
467 530 750 573 includuntur
772 528 959 571 suculae.
1009 542 1086 583 per
1106 527 1250 568 media
1269 532 1412 567 autem
1434 526 1575 581 spatia
1594 526 1735 580 tigno-

171 614 191 644 5
214 617 312 644 rum
341 602 591 642 insecantur
621 604 664 639 et
695 596 955 638 exciduntur
984 596 1162 648 formae,
1195 595 1240 634 in
1264 593 1420 649 quibus
1444 592 1735 634 excisionibus

215 667 498 710 includuntur
535 665 724 722 capitula
755 663 1089 720 catapultarum,
1128 662 1361 717 cuneisque
1392 661 1654 702 distinentur
1683 673 1738 700 ne

215 739 261 778 in
292 734 640 778 contentionibus
677 737 945 774 moveantur.
1005 736 1096 770 tum
1128 728 1230 771 vero
1260 727 1439 770 modioli
1469 729 1584 769 aerei
1614 728 1657 768 in
1690 741 1739 767 ea

217 803 406 861 capitula
435 801 716 844 includuntur
747 806 789 840 et
819 799 863 839 in
895 812 966 839 cos
989 796 1157 838 cuneoli
1177 796 1321 850 ferrei,
1355 810 1458 852 quas
1488 794 1739 848 επιζυγιδας

219 872 377 915 Graeci
406 875 578 922 vocant,
611 867 902 910 conlocantur.
962 864 1118 905 deinde
1148 877 1278 905 ansae
1307 863 1556 904 rudentium
1586 862 1738 903 indun-
1762 868 1784 899 2

153 951 194 982 10
218 947 288 981 tur
317 953 394 995 per
422 937 635 979 foramina
665 933 953 991 capitulorum
983 939 1024 973 et
1054 933 1099 972 in
1129 931 1308 972 alteram
1338 937 1505 987 partem
1535 930 1737 971 traiciun-

217 1014 309 1061 tur,
349 1005 507 1046 deinde
545 1005 589 1045 in
621 1002 790 1043 suculas
822 1001 1062 1042 coiciuntur
1093 1006 1135 1040 et
1165 997 1471 1052 involvuntur,
1510 998 1574 1039 uti
1604 998 1737 1038 vecti-

183 1072 187 1074 *
217 1075 298 1116 bus
335 1088 412 1129 per
443 1086 512 1113 eas
546 1070 713 1111 extenti
749 1069 975 1120 rudentes,
1016 1082 1113 1108 cum
1150 1065 1350 1107 manibus
1383 1072 1481 1107 sunt
1510 1065 1638 1118 tacti,
1669 1079 1738 1105 ae-

219 1141 389 1199 qualem
426 1141 471 1180 in
502 1145 682 1194 utroque
720 1137 884 1178 sonitus
915 1135 1104 1176 habeant
1133 1149 1402 1189 responsum.
1461 1139 1565 1174 tunc
1595 1138 1739 1172 autem

219 1211 366 1251 cuneis
406 1207 462 1249 ad
500 1206 713 1247 foramina
751 1203 1084 1255 concluduntur,
1122 1209 1170 1243 ut
1199 1216 1286 1243 non
1316 1201 1484 1257 possint
1516 1214 1561 1242 se
1590 1200 1737 1240 remit-

153 1288 194 1319 15
218 1285 323 1320 tere.
383 1277 444 1317 ita
473 1274 644 1316 traiecti
681 1273 727 1313 in
757 1271 936 1312 alteram
966 1276 1133 1327 partem
1165 1269 1314 1310 eadem
1344 1269 1510 1309 ratione
1542 1267 1739 1309 vectibus

219 1360 295 1402 per
334 1342 503 1385 suculas
544 1340 857 1393 extenduntur,
904 1338 1041 1379 donec
1078 1336 1314 1393 aequaliter
1352 1342 1517 1378 sonent.
1576 1336 1638 1376 ita
1668 1349 1739 1375 cu-

219 1427 398 1454 neorum
437 1407 786 1451 conclusionibus
826 1407 880 1447 ad
913 1406 1100 1447 sonitum
1137 1405 1315 1446 musicis
1346 1403 1641 1445 auditionibus
1673 1417 1739 1443 ca-

220 1478 413 1537 tapultae
442 1482 751 1532 temperantur.

110 1558 197 1590 XIX
334 1546 403 1587 De
446 1545 514 1586 his
567 1543 696 1584 rebus
742 1556 850 1598 quae
895 1542 1015 1597 potui
1063 1540 1171 1581 dixi.
1238 1545 1373 1580 restat
1416 1538 1523 1580 mihi
1569 1538 1622 1579 de
1667 1553 1739 1594 op-

154 1627 197 1657 20
221 1613 491 1672 pugnatoriis
543 1611 672 1652 rebus
720 1608 1080 1666 quemadmodum
1128 1607 1521 1649 machinationibus
1574 1612 1615 1647 et
1663 1605 1739 1645 du-

221 1698 290 1724 ces
329 1683 517 1723 Victores
571 1686 612 1720 et
663 1679 862 1719 civitates
909 1676 1110 1717 defensae
1161 1689 1256 1716 esse
1298 1674 1479 1731 possint.
1555 1675 1878 1731 primum(X111)

220 1751 276 1792 ad
307 1748 650 1807 oppugnationes
689 1746 801 1786 aries
840 1746 902 1786 sic
939 1745 1143 1784 inventus
1181 1748 1441 1783 memoratur
1472 1756 1578 1782 esse.
1639 1740 1742 1782 Car-

220 1819 516 1873 thaginienses
582 1815 638 1856 ad
702 1813 847 1855 Gades
909 1810 1219 1868 oppugnandas
1287 1815 1428 1850 castra
1474 1814 1741 1865 posuerunt.

223 1901 320 1927 cum
363 1890 507 1925 autem
546 1880 771 1923 castellum
807 1886 906 1921 ante
944 1880 1181 1936 cepissent,
1213 1877 1258 1919 id
1309 1876 1507 1918 demoliri
1546 1882 1644 1918 sunt
1674 1890 1741 1917 co-

155 1965 199 1996 25
223 1954 328 1996 nati.
402 1957 683 2008 posteaquam
726 1964 812 1990 non
855 1947 1099 1989 habuerunt
1143 1945 1198 1987 ad
1245 1944 1568 1986 demolitionem
1610 1943 1741 1984 ferra-

316 2137 333 2167 1
361 2145 426 2167 eae
447 2134 513 2166 GH
539 2132 595 2172 (L,
613 2134 675 2164 secl
698 2130 746 2162 L⁶
769 2135 865 2170 keae,
891 2129 935 2171 h‘}
962 2129 1017 2169 lc).
1037 2126 1052 2172 Η
1067 2128 1283 2161 rudentibus
1302 2127 1349 2159 L:
1376 2125 1658 2158 rutundentibus
1678 2125 1743 2157 GH

225 2191 518 2232 (rotundentibus
549 2189 605 2229 Ie).
641 2186 656 2231 Η
686 2189 704 2218 2
730 2189 881 2228 potuero
915 2186 994 2219 GH.
1027 2183 1042 2228 Η
1079 2188 1098 2217 3
1132 2185 1318 2216 cheloniae
1345 2184 1463 2225 (—nie
1491 2183 1533 2223 G)
1569 2183 1644 2214 GH.
1679 2180 1695 2225 Η
1722 2183 1744 2213 4

225 2248 421 2280 cluduntur
448 2246 524 2279 GH.
557 2243 571 2287 Η
604 2244 751 2285 succule
774 2243 810 2274 G.
832 2240 847 2284 Η
870 2244 889 2274 5
915 2244 1127 2273 insecantur
1147 2241 1168 2282 (.
1191 2240 1233 2283 G)
1260 2240 1474 2272 exciduntur
1494 2239 1560 2270 GH
1586 2238 1637 2278 (et
1661 2240 1742 2272 add.

224 2304 329 2345 doen).
363 2301 377 2346 Η
410 2305 429 2335 6
455 2302 684 2334 distenentur
712 2300 788 2331 GH.
821 2296 836 2340 Η
869 2300 886 2330 7
913 2308 955 2330 ea
980 2303 1057 2329 [mle
1088 2309 1177 2330 corr.
1203 2308 1265 2330 om.
1294 2297 1332 2329 G.
1364 2293 1379 2338 Η
1410 2297 1430 2327 8
1457 2305 1546 2337 quas
1580 2295 1744 2336 epysyci-

227 2362 292 2393 das
321 2361 386 2392 GH
405 2359 509 2400 (corr.
534 2355 664 2396 Turn)
691 2353 706 2398 Η
729 2357 747 2387 9
774 2353 1109 2396 rudenfinduuntur
1133 2359 1211 2385 ante
1236 2363 1326 2385 corr.
1348 2352 1385 2387 G,
1411 2351 1567 2383 rudentfi
1592 2350 1744 2381 induun-

226 2421 284 2449 tur
310 2418 350 2448 Η
373 2416 461 2458 (Llc,
488 2414 698 2445 incluuntur
724 2413 755 2452 71,
783 2412 1020 2443 includuntur
1043 2410 1109 2451 72⁶).
1138 2408 1152 2451 Η
1185 2411 1226 2440 10
1252 2408 1456 2450 capitulorsi
1482 2409 1518 2438 in
1546 2405 1743 2448 (—1·um!in

229 2474 271 2515 G)
307 2473 373 2505 GH
399 2471 452 2512 (et
483 2472 563 2502 add.
595 2467 695 2508 doc).
729 2465 743 2509 Η
781 2466 912 2509 par1&C=
938 2468 984 2498 H.
1019 2465 1034 2509 Η
1066 2468 1104 2497 11
1130 2464 1277 2497 suculas
1301 2465 1389 2497 donn:
1429 2463 1593 2495 suculam
1621 2463 1696 2494 GH.
1725 2460 1740 2503 Η

229 2531 434 2561 coiciuntur
460 2526 482 2567 (.
505 2526 544 2567 G)
570 2524 804 2557 involvuntur
831 2524 895 2555 GH
922 2522 1030 2564 (Melz,
1057 2521 1086 2553 St
1111 2522 1190 2553 aclcl.
1217 2521 1281 2563 lcc).
1304 2518 1318 2562 Η
1344 2523 1383 2551 12
1410 2519 1549 2552 extenti
1573 2519 1743 2550 rudentes

226 2587 319 2619 .Joe.:
347 2584 583 2617 extrudentes
611 2581 686 2613 GH.
720 2578 733 2622 Η
766 2579 921 2620 aequale
950 2580 987 2610 G.
1020 2576 1034 2620 Η
1069 2580 1108 2609 13
1139 2577 1300 2608 habeant
1330 2577 1422 2608 doe:
1456 2576 1595 2607 habent
1621 2574 1695 2605 GH.
1725 2572 1740 2616 Η

230 2644 270 2673 16
296 2643 438 2674 sonaent
455 2640 492 2671 H
518 2639 552 2679 (i.
571 2649 601 2670 e.
620 2639 751 2669 sonant
768 2640 845 2666 (mle
862 2636 926 2676 ips.
946 2645 1035 2667 corr.
1054 2634 1100 2670 H,
1121 2635 1250 2665 sonent
1263 2633 1367 2663 Hc:
1378 2632 1414 2669 G,
1430 2634 1562 2662 sonant
1586 2630 1650 2669 elz).
1670 2627 1683 2671 Η
1702 2631 1742 2660 17

231 2697 445 2739 catapultae
462 2697 554 2727 Joc:
575 2692 766 2734 catapulta
786 2692 861 2723 GH.
879 2689 894 2733 Η
911 2693 952 2722 22
967 2690 1255 2732 oppugnationes
1277 2689 1319 2720 G:
1343 2689 1439 2719 -nis
1457 2688 1490 2718 ll
1509 2685 1613 2727 (Llc).
1631 2684 1645 2727 Η
1669 2696 1742 2717 me-

230 2756 390 2790 moratus
416 2757 493 2784 ante
519 2762 608 2783 corr.
636 2749 663 2781 G
694 2747 784 2789 (item
809 2753 885 2778 ante
910 2758 1000 2778 eor-r.
1027 2745 1065 2787 l).
1095 2743 1111 2787 Η
1143 2747 1185 2777 ‘23
1218 2744 1519 2785 chartaginenses
1552 2742 1579 2773 G
1611 2740 1741 2782 (Lech),

233 2809 550 2851 chartaginienscs
581 2807 620 2838 H
650 2805 691 2846 (I,
726 2804 1014 2843 cartaginienses
1045 2807 1123 2833 ante
1153 2812 1241 2834 corr.
1268 2800 1326 2840 L).
1365 2798 1379 2841 Η
1417 2799 1522 2840 gadis
1552 2799 1588 2828 Il
1620 2796 1676 2838 (Ie)
1710 2801 1744 2828 et

233 2871 308 2897 (mle
339 2876 428 2897 corr.
464 2865 491 2895 G
521 2862 648 2905 (gades
677 2860 781 2900 Gch).
811 2856 827 2901 Η
860 2860 902 2889 24
934 2859 1142 2900 coepissent
1177 2857 1243 2889 GH
1274 2855 1334 2895 (L,
1362 2855 1546 2896 cepissent
1570 2853 1627 2894 Ie).
1658 2851 1673 2894 Η
1705 2852 1741 2883 id

233 2922 373 2953 emoliri
400 2922 436 2958 G,
463 2918 680 2951 iddemolliri
706 2918 741 2947 Il
767 2916 822 2956 (L,
849 2915 981 2947 ‹lemoli
1006 2917 1026 2955 l,
1055 2913 1216 2945 demoliti
1241 2913 1289 2949 cll,
1317 2912 1391 2942 ——ri
1415 2910 1478 2953 lec).
