1899 3322
616 228 678 257 DE
710 226 1064 257 ARcmTEcTURA
1095 227 1186 256 LlB.
1218 227 1279 256 vi.
1625 214 1698 253 141

191 331 272 371 bus
302 330 555 371 formantur.
615 334 656 368 et
686 328 869 383 primum
901 342 1036 380 genus
1075 327 1348 368 distribuitur
1385 327 1448 367 uti
1479 324 1703 380 longitudo

192 412 289 437 cum
327 397 371 437 in
409 397 600 452 quinque
637 400 781 451 partes
812 393 956 434 divisa
986 392 1137 446 fuerit,
1184 401 1270 434 tros
1308 400 1451 449 partes
1483 392 1704 434 latitudini

193 464 370 517 dentur,
409 463 589 504 alterum
629 476 725 503 eum
754 462 798 501 in
829 467 915 502 tres
954 467 1096 516 partes
1129 459 1372 513 dividatur,
1414 461 1524 501 duae
1562 466 1703 516 partes

192 530 413 571 latitudini
451 529 721 581 tribuantur,
767 529 942 569 tertium
973 528 1036 568 uti
1066 526 1247 568 latitudo
1279 529 1323 567 in
1354 528 1562 583 quadrato
1594 528 1704 583 pari-

193 598 273 640 bus
304 597 511 638 lateribus
544 596 815 637 describatur
851 596 981 650 inque
1019 609 1066 635 eo
1099 594 1306 649 quadrato
1338 595 1563 650 diagonios
1594 594 1705 634 linea

193 665 395 717 ducatur,
443 671 484 705 et
522 658 730 719 quantum
769 663 953 718 spatium
990 661 1193 702 habuerit
1230 675 1279 701 ea
1316 660 1428 702 linea
1466 662 1705 715 diagonios,

150 755 153 760 s
192 739 312 773 tanta
341 731 568 786 longitudo
599 733 707 772 atrio
739 730 878 771 detur.
937 728 1120 770 altitudo
1152 742 1298 768 eorum
1337 736 1494 783 quanta
1524 728 1706 769 latitudo

192 799 323 840 fuerit
361 805 513 853 quarta
551 798 724 854 dempta
755 797 836 838 sub
874 796 1016 837 trabes
1048 794 1300 848 extollatur,
1341 795 1504 851 reliquo
1536 795 1706 836 lacuna-

192 867 354 907 riorum
385 872 426 906 et
455 880 580 906 arcae
611 880 739 921 supra
768 864 913 905 trabes
944 864 1053 904 ratio
1083 862 1306 904 habeatur.

306 931 402 973 Alis
435 933 589 973 dextra
619 947 669 973 ae
701 933 875 973 sinistra
905 930 1107 983 latitudo,
1142 945 1238 970 cum
1269 930 1323 971 sit
1354 931 1453 971 atrii
1485 929 1707 984 longitudo

194 1000 249 1041 ab
288 1012 385 1041 XXX
423 1000 607 1056 pedibus
645 999 701 1040 ad
738 999 869 1056 pedes
902 1010 984 1051 XL,
1041 1012 1095 1037 ex
1131 998 1259 1038 tertia
1305 1004 1426 1053 parte
1472 999 1562 1038 eius
1610 1011 1703 1037 con-

195 1069 411 1108 stituatur.
471 1068 526 1108 ab
556 1078 616 1107 XL
647 1066 703 1107 ad
734 1066 866 1122 pedes
904 1077 932 1106 L
968 1064 1193 1119 longitudo
1232 1064 1454 1106 dividatur
1490 1066 1536 1105 in
1565 1072 1708 1120 partes

193 1143 279 1176 tres
319 1136 469 1188 semis,
521 1149 575 1174 ex
611 1133 678 1174 his
717 1149 802 1174 una
840 1148 938 1188 pars
986 1131 1066 1172 alis
1106 1131 1244 1172 detur.
1312 1147 1408 1172 cum
1447 1138 1590 1173 autem
1630 1133 1709 1171 erit

193 1202 417 1257 longitudo
448 1202 502 1242 ab
535 1202 849 1257 quinquaginta
878 1199 1063 1256 pedibus
1085 1199 1140 1239 ad
1163 1200 1404 1254 sexaginta,
1438 1206 1588 1255 quarta
1609 1214 1708 1254 pars

194 1268 478 1324 longitudinis
516 1268 595 1310 alis
633 1268 863 1309 tribuatur.
939 1282 964 1307 a
994 1266 1178 1322 pedibus
1218 1279 1277 1307 LX
1313 1267 1368 1306 ad
1407 1278 1533 1307 LXXX
1571 1266 1706 1320 longi-

194 1336 299 1377 tudo
330 1336 553 1377 dividatur
581 1337 627 1376 in
657 1342 800 1391 partes
839 1342 1041 1391 quattuor
1079 1341 1120 1375 et
1158 1333 1402 1386 dimidiam,
1443 1349 1497 1374 ex
1527 1333 1594 1374 his
1625 1348 1708 1373 una

195 1419 293 1460 pars
330 1404 405 1444 fiat
450 1403 612 1444 alarum
657 1402 855 1444 latitudo.
928 1417 953 1442 a
990 1401 1174 1458 pedibus
1221 1402 1439 1455 octoginta
1484 1400 1539 1441 ad
1578 1401 1709 1457 pedes

195 1478 365 1512 eentum
395 1472 440 1511 in
472 1471 659 1526 quinque
687 1476 831 1526 partes
853 1470 995 1510 divisa
1016 1468 1239 1523 longitudo
1262 1470 1417 1509 iustam
1440 1469 1710 1509 constituerit

195 1538 468 1580 latitudinem
490 1537 667 1578 alarum.
716 1537 860 1578 trabes
893 1552 1037 1577 earum
1069 1536 1287 1577 liminares
1318 1537 1378 1577 ita
1408 1535 1519 1576 altae
1550 1550 1709 1591 ponan-

196 1613 267 1647 tur
296 1612 345 1646 ut
374 1605 625 1646 altitudines
659 1604 962 1645 latitudinibus
995 1605 1079 1644 sint
1110 1603 1323 1658 aequales.

265 1696 271 1699 >
310 1673 514 1727 Tablino,
562 1673 597 1713 si
636 1672 821 1713 latitudo
859 1673 959 1712 atrii
997 1672 1077 1712 erit
1116 1671 1273 1726 pedum
1311 1672 1491 1725 viginti,
1537 1671 1711 1725 dempta

197 1742 326 1782 tertia
364 1741 456 1782 eius
496 1741 658 1796 spatio,
700 1739 913 1794 reliquum
951 1738 1180 1779 tribuatur.
1242 1739 1277 1778 si
1316 1739 1395 1778 erit
1432 1738 1486 1778 ab
1525 1737 1709 1792 podibus

198 1820 295 1849 XXX
323 1808 380 1848 ad
408 1819 492 1860 XL,
534 1822 588 1848 ex
618 1807 719 1848 atrii
749 1806 980 1847 latitudine
1016 1805 1180 1846 tablino
1217 1805 1445 1845 dimidium
1480 1804 1708 1845 tribuatur.

200 1892 295 1917 eum
340 1882 482 1916 autem
525 1874 580 1915 ab
631 1886 691 1914 XL
736 1873 792 1914 ad
835 1885 917 1927 LX,
970 1872 1151 1914 latitudo
1205 1872 1427 1913 dividatur
1472 1873 1516 1912 in
1568 1879 1709 1927 partes

290 2049 309 2078 5
335 2046 589 2078 describantur
605 2050 682 2077 ante
699 2056 789 2077 corr.
811 2046 849 2077 G.
872 2043 886 2086 Η
908 2044 1099 2087 diagonios
1118 2044 1238 2076 Selm.:
1256 2043 1449 2085 diagonius
1469 2044 1543 2075 (ill.
1560 2040 1574 2086 Η
1600 2046 1619 2075 6
1637 2042 1712 2074 dia—

200 2104 328 2146 gonios
353 2103 470 2134 Solem:
497 2102 644 2144 diagoni
671 2102 707 2139 G,
734 2101 895 2143 diagonii
919 2101 956 2132 H
981 2098 1085 2142 (Llc).
1114 2097 1129 2142 Η
1164 2101 1181 2131 7
1208 2099 1362 2131 latitudo
1387 2100 1498 2130 Mar-,z
1525 2099 1713 2140 longitudo

203 2161 279 2192 GH.
311 2156 326 2202 Η
358 2159 378 2189 8
404 2159 543 2200 reliquo
568 2168 644 2200 eyo:
678 2158 819 2199 reliquii
842 2154 921 2199 ΙΙΙ,
952 2156 1129 2197 reliquum
1158 2156 1194 2189 G.
1228 2153 1243 2198 Η
1280 2158 1320 2187 10
1347 2155 1415 2187 alis
1446 2161 1523 2187 ante
1548 2167 1637 2187 corr.
1667 2158 1711 2187 li:

203 2217 284 2248 aliis
302 2217 341 2246 ll
353 2215 429 2256 (sed
445 2215 535 2246 aleis
549 2215 603 2245 ch
615 2219 648 2245 et
664 2214 718 2252 GC,
734 2213 823 2244 alcis
842 2224 884 2245 ez
901 2213 1040 2253 ancipiti
1056 2213 1109 2242 ΗΟ
1128 2217 1326 2244 correctura
1348 2213 1388 2251 L,
1405 2211 1510 2243 alicis
1524 2210 1580 2252 Ic).
1598 2208 1612 2252 Η
1632 2212 1713 2242 lati-

202 2272 286 2304 tudo
311 2272 403 2304 ·loc.>
428 2269 633 2302 latitudinis
661 2270 738 2302 GII.
771 2267 785 2311 Η
818 2271 855 2300 11
884 2270 925 2300 ab
951 2269 1052 2300 XXX
1080 2268 1123 2299 G:
1157 2269 1203 2300 ad
1229 2268 1329 2299 XXX
1356 2269 1390 2298 ll
1423 2266 1459 2306 (a
1484 2267 1584 2298 XXX
1610 2267 1664 2306 LI,
1692 2278 1712 2298 a

203 2329 354 2370 triginta
379 2327 443 2368 eh).
469 2324 484 2370 Η
504 2327 611 2357 testia
635 2330 713 2357 ante
737 2336 827 2357 corr.
855 2325 893 2356 G.
922 2323 936 2366 Η
971 2326 1010 2355 12
1037 2326 1081 2356 ab
1107 2325 1171 2357 XL
1201 2326 1237 2355 ΙΙ
1260 2323 1369 2364 (Lle):
1397 2325 1440 2355 ab
1469 2323 1712 2364 quadraginta

205 2385 242 2416 G.
276 2381 292 2427 Η
322 2384 367 2415 ad
393 2383 502 2425 pedes
528 2383 557 2413 L
583 2383 618 2413 Il
645 2380 753 2422 (Lle):
781 2381 825 2413 ad
846 2380 851 2421 Ι
873 2381 901 2411 L
930 2382 968 2415 G.
1000 2378 1014 2423 Η
1049 2383 1089 2412 13
1114 2384 1188 2412 tres
1214 2381 1322 2412 semis
1349 2379 1413 2420 (vel
1437 2379 1459 2409 S
1485 2389 1554 2420 eqo,
1581 2383 1654 2409 tres
1680 2383 1713 2409 et

203 2440 389 2471 dimidiam
415 2440 468 2470 ecl.
501 2437 619 2480 Ven.):
646 2441 720 2470 tres
749 2438 824 2470 (ill.
845 2434 860 2479 Η
886 2436 954 2467 alis
974 2437 1016 2468 G:
1044 2437 1127 2469 aliis
1153 2438 1188 2468 H
1215 2436 1323 2477 (aleis
1349 2437 1400 2467 Hc
1423 2441 1458 2467 ιι(
1481 2446 1595 2476 supra,
1623 2435 1713 2465 alcis

204 2497 246 2532 L,
273 2495 378 2527 alicis
403 2494 460 2535 Ic),
486 2496 548 2526 sed
571 2505 649 2526 moa:
672 2506 700 2526 v.
720 2496 762 2525 15
789 2493 859 2524 alis
886 2503 1007 2524 omnes.
1029 2491 1043 2535 Η
1069 2494 1109 2524 14
1135 2493 1181 2525 ab
1206 2490 1298 2534 (qu.)
1327 2493 1392 2524 (ill
1419 2492 1455 2531 (a
1480 2492 1540 2530 lm,
1567 2490 1610 2520 ad
1636 2496 1712 2521 (mle

206 2585 295 2606 corr.
321 2573 357 2614 l).
388 2570 402 2615 Η
437 2575 566 2614 quarta
593 2573 620 2605 G
653 2572 727 2613 (Ic):
754 2572 840 2603 ΙΙΙΙἃ
866 2571 957 2613 (post
981 2572 1172 2613 sexaginta
1196 2582 1302 2613 supra
1326 2572 1407 2611 ser.)
1438 2571 1472 2600 ΙΙ
1497 2550 1583 2608 (ΙΙΙΗΙ
1612 2568 1665 2609 L).
1691 2568 1709 2609 Η

207 2631 248 2661 15
274 2628 320 2669 (et
347 2628 402 2669 17)
436 2639 457 2660 a
482 2628 652 2670 pedibus:
681 2629 730 2660 sic
758 2629 832 2659 Gll.
865 2626 879 2669 Η
921 2627 960 2658 16
986 2627 1172 2659 dimidiam
1201 2628 1243 2659 G:
1284 2627 1433 2658 dimidia
1464 2625 1548 2665 (sine
1573 2624 1644 2665 lin.)
1679 2625 1712 2654 ΙΙ

206 2683 311 2725 (Mc).
334 2682 350 2727 Η
373 2686 412 2716 17
439 2686 628 2726 octoginta
653 2708 660 2717 .
680 2712 686 2718 .
706 2710 714 2718 .
741 2687 883 2716 centum
910 2684 946 2713 H
971 2682 1060 2723 (I1l):
1086 2684 1219 2715 LXXX
1247 2708 1280 2716 ..
1302 2709 1308 2715 .
1329 2709 1337 2716 .
1364 2682 1403 2715 C.
1431 2683 1467 2714 li,
1496 2679 1509 2721 Η
1546 2682 1584 2711 18
1610 2681 1712 2721 quin-

208 2751 274 2782 que
301 2741 336 2771 Il
355 2738 465 2782 (ch):
491 2742 534 2773 V.
561 2742 599 2772 G.
625 2738 640 2783 Η
661 2739 704 2772 20
722 2740 932 2772 altitudines
950 2740 1002 2771 ecl.
1023 2738 1137 2780 (rec.):
1165 2739 1358 2771 altitudine
1380 2738 1454 2769 Gll.
1479 2734 1493 2778 Η
1514 2738 1552 2767 21
1572 2736 1712 2767 tablino

208 2796 340 2827 Maelzst
366 2796 543 2828 tablinum
569 2795 678 2836 (-—n1‘1
706 2798 746 2836 G)
775 2796 849 2827 GIl.
881 2793 895 2837 Η
930 2795 1013 2826 atrii
1045 2796 1117 2828 ecl.:
1151 2796 1281 2827 atrium
1309 2795 1390 2834 (-ι“ι
1419 2794 1459 2833 G)
1494 2793 1571 2822 (ιἸΙ.
1608 2789 1622 2833 Η
1662 2792 1712 2823 vi-

209 2851 303 2892 ginti
326 2853 362 2883 H
388 2850 465 2893 (L):
503 2853 580 2883 XX.
608 2853 635 2884 G
661 2851 714 2894 (ί)
744 2850 759 2894 Η
791 2853 833 2883 22
860 2852 905 2883 ab
934 2852 977 2882 G:
1015 2851 1060 2882 ad
1085 2852 1122 2882 II
1147 2852 1183 2891 (a
1208 2853 1267 2892 LI,
1299 2862 1359 2882 om.
1387 2850 1425 2880 elz
1451 2860 1519 2879 cum
1550 2848 1658 2881 verbis
1684 2848 1714 2880 si

210 2908 555 2952 erit—tribuatur).
588 2907 604 2953 Η
632 2911 674 2942 23
699 2909 910 2940 latitudine:
935 2908 984 2939 sic
1011 2907 1087 2940 GII.

1732 603 1752 633 <5¹

1735 940 1775 969 10

1736 1276 1777 1306 15
