1899 3322
123 384 144 414 4

130 2073 150 2103 10

574 202 636 231 DE
665 201 1020 232 ARCHITECTURA
1053 203 1143 232 ΜΒ.
1178 202 1275 233 vin.
1605 191 1684 232 185

170 320 272 346 vero
293 303 395 346 'non
431 302 567 345 solum
606 308 729 359 potus
769 302 846 343 sed
886 303 1076 344 infinitas
1107 319 1186 345 usu
1217 304 1464 360 praebendo
1495 305 1683 345 necessi-

170 378 294 424 tates,
317 378 462 427 gratas
485 369 598 426 quod
620 377 684 411 est
704 371 893 426 gratuita
924 377 1112 426 praestat
1133 370 1356 413 utilitates.
1408 386 1462 412 ex
1485 386 1533 413 eo
1555 373 1682 412 etiam

170 440 242 495 qui
265 439 506 480 sacerdotia
526 444 681 494 gerunt
702 437 892 480 moribus
914 438 1250 494 Aegyptffiruw,
1283 440 1516 481 ostendunt
1537 453 1683 480 omnes

171 521 237 548 res
271 521 293 547 e
323 506 500 562 liquoris
532 512 745 562 potestate
776 505 1026 547 consistere.
1086 507 1230 561 itaque
1261 521 1356 547 cum
1388 507 1544 563 hydria
1574 521 1685 562 aqua

169 574 224 614 ad
256 573 462 630 templum
491 573 728 629 aedemque
759 579 878 614 casta
898 572 1107 627 religione
1128 573 1334 626 refertur,
1366 581 1467 615 tunc
1498 574 1541 614 in
1572 581 1686 615 terra.

170 641 499 697 procumbentes
521 640 720 682 manibus
741 640 795 681 ad
828 639 991 681 caelum
1015 639 1196 682 sublatis
1228 641 1490 682 inventionis
1521 642 1685 696 gratias

168 715 304 763 agunt
334 706 509 749 divinae
539 707 814 763 benignitati,

283 775 392 817 Cum
424 790 524 830 ergo
556 783 597 816 et
635 791 659 816 a
691 775 882 831 physicis
916 781 957 817 et
987 774 1255 831 philosophis
1288 781 1329 816 et
1367 776 1422 816 ab
1453 775 1684 817 sacerdoti—

169 842 249 883 bus
282 843 498 884 iudicetur
529 857 583 883 ex
614 849 827 899 potestate
856 857 992 898 aquae
1024 857 1170 884 omnes
1202 857 1269 883 res
1293 849 1502 896 constare,
1536 843 1685 899 putavi

171 911 373 966 quoniam
411 911 457 950 in
487 911 702 966 prioribus
735 915 899 966 septem
930 909 1220 951 voluminibus
1251 911 1438 952 rationes
1469 910 1683 951 aedificio-

169 993 262 1018 rum
295 983 393 1019 sunt
424 978 667 1033 expositae,
700 977 744 1017 in
774 976 855 1018 hoc
885 984 1082 1033 oportere
1111 977 1164 1018 de
1196 978 1520 1019 inventionibus
1551 992 1686 1033 aquae

171 1059 362 1101 quasque
390 1044 546 1086 habeat
577 1045 621 1085 in
652 1044 841 1085 locorum
871 1045 1206 1100 proprietatibus
1230 1046 1412 1086 virtutes
1446 1045 1686 1101 quibusque

168 1112 409 1154 rationibus
441 1112 621 1154 ducattu⁴
652 1118 694 1153 et
724 1111 1082 1167 quemadmodum
1112 1112 1214 1153 item
1247 1112 1454 1169 probetur
1485 1113 1685 1154 scribere.

173 1187 236 1221 est
268 1180 380 1220 enim
412 1180 598 1221 maxime
628 1179 869 1220 necessaria
900 1185 940 1220 et
971 1179 1026 1220 ad
1056 1180 1191 1221 vitam
1223 1186 1264 1221 et
1293 1179 1348 1220 ad
1379 1179 1686 1222 delectationes

173 1253 214 1288 et
244 1247 299 1288 ad
330 1262 453 1288 usum
484 1247 757 1289 cotidianum.

285 1315 349 1356 Ea
370 1321 513 1356 autem
535 1315 614 1355 erit
644 1314 832 1369 facilior,
865 1315 902 1355 si
931 1320 1054 1356 erunt
1084 1315 1223 1357 fontes
1252 1316 1392 1372 aperti
1423 1322 1464 1356 et
1494 1315 1687 1356 fluentes.

173 1384 239 1424 sin
277 1390 420 1424 autem
457 1397 543 1424 non
580 1382 813 1439 profluent,
855 1382 1100 1438 quaerenda
1137 1383 1217 1424 sub
1255 1391 1370 1424 terra
1410 1389 1508 1424 sunt
1548 1383 1688 1438 capita

174 1457 215 1492 et
253 1449 508 1506 colligenda.
576 1464 684 1506 quae
716 1451 776 1491 sic
816 1456 940 1491 erunt
981 1450 1243 1506 experienda
1280 1451 1343 1491 uti
1383 1449 1689 1507 procumbatur

172 1519 215 1559 in
247 1517 397 1559 dentes
427 1524 657 1574 antequam
696 1516 758 1558 sol
797 1523 972 1559 exortus
1010 1517 1161 1571 fuerit,
1201 1518 1246 1558 in
1283 1517 1387 1559 locis
1420 1517 1576 1573 quibus
1609 1518 1686 1557 erit

173 1585 487 1642 quaerendum,
519 1591 560 1626 et
590 1586 636 1626 in
664 1591 779 1625 terra
799 1591 941 1626 mento
973 1584 1191 1626 conlocato
1213 1591 1254 1626 et
1284 1584 1393 1627 fulto
1423 1585 1686 1641 prospician-
1714 1594 1725 1607 ⁶

173 1660 243 1695 tur
265 1667 338 1694 eae
367 1653 577 1708 regiones.
637 1653 700 1694 sic
731 1653 843 1693 enim
874 1667 960 1693 non
991 1652 1151 1693 errabit
1183 1651 1396 1693 excelsius
1420 1667 1546 1708 quam
1566 1667 1687 1707 opor—

175 1727 262 1761 teat
294 1721 435 1773 visus,
477 1734 573 1761 cum
605 1720 686 1761 erit
716 1720 926 1761 inmotum
956 1725 1168 1773 mentum,
1208 1719 1284 1760 sed
1315 1719 1515 1760 libratam
1545 1720 1686 1760 altitu-

175 1788 319 1829 dinem
351 1787 395 1828 in
425 1786 675 1842 regionibus
709 1793 824 1828 certa
853 1786 1046 1828 finitione
1078 1786 1336 1841 designabit.
1396 1794 1498 1827 tunc
1528 1787 1573 1827 in
1595 1787 1685 1842 qui—

174 1855 254 1897 bus
286 1854 388 1895 locis
422 1854 684 1895 videbuntur
713 1869 880 1895 umores
912 1855 1233 1911 concrispantes
1256 1861 1297 1895 et
1327 1855 1371 1895 in
1392 1869 1489 1894 aera
1511 1868 1686 1909 surgen-

174 1930 260 1976 tes,
292 1922 353 1964 ibi
385 1922 586 1964 fodiatur.
644 1936 730 1963 non
761 1922 873 1963 enim
904 1922 948 1963 in
969 1922 1083 1964 sicco
1113 1921 1205 1964 loco
1236 1921 1317 1963 hoe
1346 1927 1487 1978 potest
1518 1922 1687 1976 signum

175 1990 282 2032 fieri.

287 2057 398 2098 Item
427 2057 859 2099 animadvertendum
881 2063 946 2099 est
977 2057 1283 2115 quaerentibus
1314 2071 1467 2113 aquam
1500 2072 1584 2112 quo
1615 2070 1687 2111 ge-

174 2139 274 2166 nere
304 2125 390 2166 sint
416 2123 523 2166 loca.
575 2131 692 2166 certa
722 2126 835 2166 enim
866 2131 965 2166 sunt
994 2126 1039 2166 in
1070 2124 1227 2181 quibus
1257 2125 1461 2165 nascitur.
1507 2125 1551 2164 in
1572 2130 1690 2164 creta

173 2193 314 2234 tenuis
355 2199 395 2233 et
434 2191 558 2233 exilis
598 2198 641 2233 et
677 2207 762 2234 non
798 2192 885 2233 alta
923 2198 988 2233 cst
1026 2194 1162 2248 copia.
1223 2207 1271 2232 ea
1303 2193 1384 2233 crit
1413 2207 1498 2233 non
1528 2192 1689 2247 optimo

268 2319 283 2349 1
312 2328 393 2350 usu:
419 2319 468 2349 sic
491 2317 604 2350 EGJI.
628 2315 642 2360 Ι]
670 2319 690 2349 4
715 2317 843 2358 hydria
870 2327 965 2359 aqua
990 2328 1067 2358 ego:
1094 2317 1213 2349 hidria
1239 2318 1308 2358 qufi
1335 2319 1371 2355 G,
1398 2317 1489 2348 idria
1515 2326 1621 2358 quam
1649 2317 1687 2351 E,

177 2373 304 2415 hydrio
337 2384 441 2415 quem
471 2374 512 2405 Il
535 2372 604 2414 (elz,
638 2375 704 2415 que
735 2374 805 2414 LI).
837 2371 852 2415 [Ι
889 2375 909 2404 5
941 2374 1104 2405 referunt
1134 2374 1166 2404 E
1200 2372 1327 2414 (solus).
1366 2371 1381 2415 Η
1418 2375 1437 2405 6
1469 2373 1690 2404 inventionis

176 2440 253 2471 eqo:
281 2429 550 2462 inventionibus
577 2429 708 2472 (—nib;
737 2430 773 2465 G,
793 2429 910 2462 —nib:
937 2429 983 2469 E)
1002 2429 1116 2463 EGII.
1138 2427 1153 2472 Η
1176 2432 1193 2462 7
1213 2430 1450 2472 benignitati:
1475 2430 1523 2460 sic
1542 2428 1652 2461 EGll.
1672 2426 1686 2469 {l

177 2487 197 2516 8
223 2482 317 2525 et(&
333 2484 388 2525 Il)
414 2484 654 2527 philosophis:
679 2487 728 2518 sic
744 2485 858 2517 ΕΘΗ.
882 2483 896 2527 [Ι
919 2486 938 2517 9
964 2496 1006 2517 ex
1034 2484 1134 2528 (pot.)
1154 2486 1234 2518 EG:
1260 2486 1289 2517 St
1317 2487 1350 2516 ΙΙ
1375 2486 1438 2526 (cle,
1463 2494 1479 2516 ἰ
1502 2486 1521 2519 l,
1542 2487 1577 2515 et
1597 2483 1652 2525 L).
1672 2482 1685 2524 l}

180 2544 220 2573 10
245 2541 281 2571 in
314 2551 375 2573 om.
409 2541 436 2572 G
469 2538 548 2582 (non
579 2541 640 2580 E).
680 2539 694 2582 Η
740 2543 777 2573 11
805 2542 1277 2584 aquae—proprIetatibus
1309 2553 1368 2576 om.
1403 2541 1444 2572 Ε.
1479 2539 1492 2582 Η
1534 2542 1572 2572 13
1604 2541 1689 2571 item

177 2610 269 2642 .loc.:
306 2610 400 2639 mter
428 2596 506 2647 (int-
520 2608 567 2648 E)
593 2608 668 2648 EG,
695 2609 771 2640 inte
804 2610 843 2640 H
865 2607 978 2649 (lde—le,
1011 2611 1073 2641 secl
1101 2610 1138 2641 hc
1163 2610 1259 2645 rite).
1299 2608 1313 2651 Η
1353 2610 1391 2640 14
1423 2608 1688 2640 delectationes

181 2665 211 2696 E
237 2664 395 2705 (GcLle):
422 2664 646 2697 delectiones
672 2666 711 2696 ll
733 2670 765 2697 et
789 2670 866 2696 ante
891 2676 982 2697 corr.
1011 2666 1047 2697 G.
1079 2663 1095 2709 [Ι
1128 2668 1167 2697 16
1193 2667 1262 2698 erit
1295 2665 1437 2697 facilior
1464 2664 1620 2703 (felicior
1644 2664 1687 2704 lc)

180 2720 210 2752 si
242 2723 363 2752 erunt:
400 2721 449 2752 sic
481 2721 592 2753 EGH.
629 2718 645 2763 Π
685 2723 724 2752 18
751 2720 970 2763 colligenda]
1011 2722 1063 2754 hic
1089 2723 1208 2754 desiuit
1243 2722 1283 2756 E.
1317 2719 1330 2763 Η
1366 2722 1404 2752 19
1431 2720 1595 2752 indentes
1624 2721 1689 2751 GH

182 2775 236 2816 (lc,
262 2773 430 2808 inuentes
456 2777 511 2817 L).
546 2774 560 2818 ΙΙ
592 2778 632 2808 21
660 2788 725 2809 eae
754 2778 821 2809 Gll
844 2777 929 2818 (liae
956 2777 1045 2818 Llc).
1067 2776 1083 2821 Η
1105 2780 1147 2811 25
1174 2781 1293 2819 potest
1318 2778 1477 2817 signum:
1503 2778 1551 2807 sic
1579 2776 1674 2808 GH..

181 2832 223 2862 26
248 2831 325 2863 fieri
360 2833 426 2865 GH
451 2831 513 2873 (L,
539 2832 654 2864 videri
679 2832 735 2874 lc).
770 2831 785 2875 ll
814 2834 855 2864 ‘27
882 2843 1014 2874 genere
1043 2835 1111 2868 GH
1134 2834 1193 2875 (L,
1226 2843 1314 2875 gera
1338 2838 1415 2864 ante
1441 2842 1529 2865 cor-r.
1562 2843 1595 2869 c,
1628 2842 1689 2873 ge-

183 2897 270 2919 nera
294 2890 341 2920 {cc
365 2894 397 2920 ee
421 2893 498 2920 ante
522 2899 611 2923 corr.
637 2890 666 2925 lt,
692 2889 746 2920 uhi
770 2899 903 2931 genere
928 2889 991 2930 lic).

1714 920 1753 949 10
