1899 3322
552 225 613 255 DE
643 225 1000 258 ARCHITECTURA
1035 231 1125 259 LIB.
1160 232 1221 262 lv.
1591 224 1644 265 89

120 325 378 382 glyphorum
409 326 736 383 dispositionem
768 334 808 369 et
840 329 1089 385 intertignia
1121 339 1389 390 metoparum
1419 335 1579 377 habere
1600 338 1644 377 in

76 402 96 432 3
121 392 280 434 doricis
318 394 520 449 operibus
559 401 805 451 coeperunt.
865 403 1015 452 postea
1044 398 1119 439 alii
1149 400 1193 440 in
1223 400 1319 443 aliis
1352 403 1556 458 operibus
1587 404 1644 445 ad

36 461 48 466 “
120 460 476 517 perpendiculum
506 462 826 520 triglyphorum
857 464 1100 507 cantherios
1132 470 1422 523 prominentes
1455 473 1641 527 proiece-

119 535 219 570 runt
250 543 481 585 eorumque
511 532 775 586 proiecturas
808 531 1088 575 simaverunt.
1150 549 1205 575 ex
1227 551 1275 577 eo
1297 539 1360 578 uti
1382 553 1403 579 e
1424 540 1642 593 tignorum

120 596 481 653 dispositionibus
513 598 739 656 triglyphi,
772 599 832 640 ita
864 614 886 640 e
917 601 1233 643 cantheriorum
1264 606 1518 659 proiecturis
1551 623 1639 648 mu-
1668 619 1687 649 5

118 663 307 705 tulorum
339 665 420 706 sub
452 667 620 707 coronis
658 668 769 708 ratio
807 674 871 708 est
902 668 1092 709 inventa.
1153 670 1213 710 ita
1244 671 1333 712 fere
1365 674 1409 713 in
1439 675 1641 730 operibus

118 731 302 788 lapideis
335 737 376 773 et
406 735 657 775 marmoreis
687 734 843 776 mutuli
873 735 1090 777 inclinatis
1130 736 1359 794 scalpturis
1399 740 1639 783 deforman-

118 805 201 851 tur,
225 799 340 855 quod
361 801 546 842 imitatio
569 808 633 843 est
655 802 985 844 cantheriorum.
1025 805 1181 845 etenim
1204 808 1445 849 necessario
1467 816 1642 865 propter

118 866 342 908 stillicidia
387 868 615 924 proclinati
662 869 952 911 conlocantur.
1022 886 1122 927 ergo
1162 880 1203 915 et
1242 874 1560 932 triglyphorum
1601 884 1641 918 et

117 935 376 977 mutulorum
421 937 466 977 in
513 937 670 979 doricis
716 938 918 994 operibus
964 940 1074 981 ratio
1113 955 1167 981 ex
1209 956 1258 983 ea
1294 943 1535 985 imitatione
1579 946 1640 985 in-
1670 958 1709 988 10

118 1009 248 1045 venta
279 1010 358 1046 est.

71 1082 92 1112 4
229 1071 327 1113 Non
377 1072 489 1113 enim
540 1072 900 1129 quemadmodum
949 1076 1143 1117 nonnulli
1194 1084 1385 1120 errantes
1437 1079 1642 1123 dixerunt

116 1139 403 1181 fenestrarum
442 1141 652 1196 imagines
693 1156 785 1182 esse
823 1142 1067 1200 triglyphos
1105 1145 1164 1185 ita
1195 1152 1339 1202 potest
1371 1162 1487 1201 esse,
1527 1149 1642 1204 quod

115 1208 161 1248 in
190 1206 361 1262 angulis
393 1215 627 1264 contraque
658 1215 863 1251 tetrantes
903 1210 1194 1253 columnarum
1233 1214 1443 1271 triglyphi
1482 1217 1638 1258 consti-

115 1281 314 1328 tuuntur,
362 1275 517 1331 quibus
556 1277 600 1316 in
638 1276 742 1318 locis
783 1279 953 1320 omnino
995 1295 1080 1321 non
1117 1281 1281 1336 patitur
1321 1297 1388 1323 res
1428 1283 1638 1325 fenestras
1667 1296 1707 1326 15

115 1342 222 1383 fieri.
284 1343 584 1385 dissolvuntur
622 1345 735 1385 enim
772 1346 1026 1401 angulorum
1064 1348 1110 1388 in
1147 1349 1357 1391 aedificiis
1398 1352 1637 1406 iuncturae,

116 1411 152 1451 si
190 1411 235 1451 in
272 1412 308 1452 is
347 1410 634 1454 fenestrarum
672 1413 833 1455 fuerint
879 1413 1041 1456 lumina
1078 1415 1242 1458 relicta.
1312 1419 1526 1476 etiamque
1565 1420 1640 1461 ubi

114 1493 228 1520 nune
274 1478 485 1536 triglyphi
531 1481 849 1523 constituuntur
894 1483 931 1523 si
969 1483 1031 1524 ibi
1070 1482 1280 1526 luminum
1326 1488 1467 1543 spatia
1504 1488 1639 1529 fuisse

114 1545 441 1602 iudicabuntur,
480 1547 619 1588 isdem
649 1549 890 1591 rationibus
922 1549 1131 1593 denticuli
1161 1553 1206 1593 in
1243 1554 1395 1595 ionicis
1429 1554 1637 1597 fenestra-

114 1629 210 1655 rum
254 1616 537 1671 occupavisse
582 1615 675 1657 loca
720 1617 997 1660 videbuntur.
1064 1626 1246 1677 utraque
1293 1623 1406 1663 enim
1446 1629 1486 1664 et
1526 1624 1639 1665 inter
1664 1635 1706 1666 20

114 1681 355 1724 denticulos
389 1689 429 1725 et
460 1684 573 1725 inter
603 1684 845 1741 triglyphos
887 1701 994 1742 quae
1033 1694 1131 1730 sunt
1168 1689 1398 1730 intervalla
1440 1698 1637 1748 metopae

112 1750 402 1791 nominantur.
464 1765 574 1801 οπας
605 1753 718 1793 enim
741 1752 898 1794 Graeci
927 1755 1144 1809 tignorum
1166 1757 1359 1799 cubicula
1382 1765 1422 1800 et
1443 1773 1637 1801 asserum

113 1816 346 1874 appellant,
378 1818 442 1858 uti
470 1820 606 1860 nostri
636 1834 683 1860 ea
713 1835 819 1861 cava
847 1820 1126 1864 columbaria.
1176 1825 1236 1866 ita
1258 1826 1373 1881 quod
1395 1828 1507 1868 inter
1528 1827 1636 1868 duas

114 1900 216 1941 opas
250 1891 313 1926 est
344 1886 656 1941 intertignium,
689 1887 734 1928 id
764 1903 931 1944 μετοπη
963 1897 1027 1932 est
1057 1892 1170 1948 apud
1202 1908 1272 1934 eos
1299 1895 1578 1936 nominatum.

68 1971 89 2001 5
226 1953 294 1994 Ita
323 1953 387 1995 uti
417 1960 560 1995 autem
591 1956 635 1996 in
664 1956 822 1998 doricis
854 1957 1171 2015 triglyphorum
1203 1967 1243 2001 et
1281 1962 1541 2004 mutulorum
1573 1969 1636 2004 est
1662 1975 1704 2005 25

113 2021 290 2062 inventa
327 2022 456 2076 ratio,
495 2023 598 2064 item
636 2023 681 2064 in
719 2024 872 2065 ionicis
911 2025 1227 2068 denticulorum
1260 2030 1509 2072 constitutio
1541 2046 1635 2088 pro—

112 2089 251 2145 priam
281 2090 327 2130 in
357 2089 559 2146 operibus
590 2089 722 2133 habet
752 2093 983 2147 rationem,
1018 2101 1058 2136 et
1089 2096 1450 2151 quemadmodum
1482 2098 1636 2140 mutuli

113 2156 432 2198 cantheriorum
476 2159 745 2214 proiecturae
790 2160 935 2203 ferunt
979 2162 1233 2218 imaginem,
1287 2166 1347 2206 sic
1393 2166 1437 2206 in
1482 2167 1634 2209 ionicis

205 2296 220 2325 1
247 2294 522 2337 dispositionem
552 2295 670 2328 Schm:
711 2308 801 2328 ——ne
836 2298 912 2331 GH.
952 2296 966 2341 [Ι
1004 2300 1222 2344 intertignia
1261 2301 1374 2343 (Lor.)
1408 2306 1632 2345 metoparum

113 2349 253 2391 (.Uczr.):
281 2352 520 2394 intertignum
546 2356 582 2384 et
607 2363 758 2394 oparum
783 2355 823 2385 H
846 2353 958 2396 (ΜΟ),
991 2356 1135 2398 intignfi
1169 2357 1261 2398 (ante
1287 2357 1392 2401 cor-r.)
1428 2363 1464 2391 et
1491 2360 1632 2402 apharsi

115 2407 153 2440 G.
184 2405 197 2448 [1
231 2409 252 2438 4
276 2408 331 2439 uti
356 2418 374 2439 e
400 2408 582 2450 tignorum
606 2410 701 2442 loa:
734 2411 788 2442 uti
818 2411 1000 2453 tignorum
1028 2412 1104 2447 GH.
1137 2411 1151 2456 ΙΙ
1183 2415 1202 2446 6
1235 2416 1378 2447 coronis
1402 2416 1494 2449 ,Ιοίκῑ
1531 2427 1631 2449 0010-

112 2463 208 2495 nulis
238 2464 306 2495 GH
329 2462 413 2504 (scil.
440 2475 573 2497 coronu
597 2465 613 2496 1*
638 2477 668 2497 ls
693 2467 714 2499 ἱ.
739 2478 768 2499 e.
795 2477 929 2499 corona
954 2468 1014 2500 vel
1047 2470 1217 2512 coronis).
1249 2469 1264 2514 [J
1299 2474 1316 2504 7
1343 2472 1549 2504 inclinatis:
1582 2475 1632 2505 sic

116 2519 191 2552 GH.
224 2517 238 2562 Η
272 2521 313 2552 10
340 2530 430 2552 exea
458 2522 501 2553 G:
534 2520 563 2553 &
590 2533 633 2555 ea
658 2523 700 2554 H
720 2522 826 2565 (Lle).
861 2521 875 2566 ΙΙ
909 2525 949 2556 13
975 2526 1052 2556 esse
1072 2551 1079 2559 .
1098 2526 1312 2569 tryglyphos
1338 2534 1415 2560 ante
1441 2540 1510 2560 ras,
1542 2530 1585 2563 ll.
1615 2560 1616 2567 ,

113 2576 153 2607 17
179 2576 227 2607 si:
254 2579 301 2608 sit
325 2581 403 2608 ante
429 2587 499 2611 ras.
528 2578 573 2610 H.
607 2575 621 2621 {l
652 2578 698 2611 is:
725 2579 781 2611 his
810 2580 884 2612 GII.
918 2578 932 2623 ΙΙ
966 2582 1005 2613 19
1039 2581 1218 2615 denticuli
1248 2586 1300 2619 ed,
1333 2586 1401 2617 Fa:
1434 2585 1631 2617 denticulis

114 2632 190 2664 GH.
224 2630 238 2675 ΙΙ
270 2634 312 2664 20
337 2636 491 2674 utraque
517 2634 610 2669 .loc.:
637 2635 783 2676 utrique
812 2636 890 2667 GH.
921 2634 935 2678 Η
969 2638 1008 2668 21
1036 2638 1232 2671 intervalla
1252 2641 1420 2682 metophe
1449 2642 1475 2673 G
1501 2641 1631 2685 (-Pl¹<}

114 2687 190 2727 G⁶):
216 2688 451 2721 intervallam
476 2688 600 2732 &ophe
625 2692 665 2723 H
687 2690 792 2732 (Lle).
826 2690 840 2735 Η
871 2694 912 2724 22
939 2693 1052 2735 ophas
1073 2696 1150 2729 GH.
1183 2693 1197 2737 ΙΙ
1227 2697 1413 2728 cubicula:
1438 2699 1487 2729 sic
1515 2699 1591 2730 Gll.
1614 2717 1616 2740 1

113 2746 243 2786 asperfi
270 2749 349 2777 ante
379 2756 468 2778 corr.
505 2747 542 2778 G.
581 2744 595 2789 ΙΙ
633 2749 675 2781 23
702 2759 796 2781 cava
820 2749 868 2781 L:
904 2750 997 2782 caba
1025 2751 1094 2783 GH
1117 2751 1188 2792 (Ic).
1222 2750 1235 2794 [J
1268 2754 1309 2783 24
1336 2762 1423 2793 opas
1449 2757 1502 2784 est
1522 2754 1630 2786 inter-

112 2799 268 2841 tignium
292 2802 384 2835 Joe.:
413 2802 526 2844 ophas
546 2806 582 2834 et
609 2803 651 2846 (δι
667 2804 724 2846 H)
744 2805 945 2848 intertignfi
973 2807 1050 2839 GH.
1083 2805 1098 2849 Η
1130 2808 1299 2850 metopha
1319 2812 1374 2839 est
1393 2809 1424 2848 (s-
1445 2810 1484 2849 G)
1515 2810 1590 2842 GH.

111 2867 335 2900 nominatum
359 2870 450 2904 J00.:
475 2872 560 2902 —ta
587 2871 663 2903 GH.
698 2869 711 2914 Η
748 2873 790 2905 ‘25
822 2873 874 2905 ita
900 2874 952 2906 uti
979 2878 1099 2907 autem
1133 2864 1214 2915 (aui
1242 2875 1300 2915 G):
1338 2877 1387 2907 sic
1419 2877 1494 2908 GH.
1535 2874 1551 2920 Η
1586 2878 1629 2910 28

112 2923 235 2955 ferunt
262 2924 288 2956 G
314 2922 392 2967 (L):
421 2925 567 2959 fuerunt
590 2928 631 2958 II
652 2927 722 2970 (lc).
