1909 3322
164 966 203 995 10

178 2318 206 2347 3(
212 2320 218 2344 l

228 234 278 275 1ss
875 231 1084 263 VITRUVII

227 346 402 387 bulosus
453 357 537 383 non
588 339 819 396 pruinosus
873 335 1160 390 regionesque
1212 330 1319 372 caeli
1364 336 1563 386 spectans
1610 342 1749 384 neque

226 420 446 455 aestuosas
484 422 623 464 neque
661 405 845 461 frigidas
886 403 961 444 sed
999 406 1281 457 temperatas,
1321 397 1478 439 deinde
1516 397 1553 437 si
1589 396 1748 437 vitabi-

225 489 295 522 tur
323 478 526 536 palustris
558 474 774 516 vicinitas.
836 486 933 512 cum
965 470 1078 510 enim
1107 482 1237 509 aurae
1266 466 1504 507 matutinae
1535 479 1632 505 cum
1662 463 1750 505 sole

229 550 392 589 oriente
429 545 484 586 ad
522 542 731 600 oppidum
767 539 1023 597 pervenient
1063 543 1104 577 et
1134 536 1201 577 his
1234 541 1352 576 ortae
1382 532 1566 574 nebulae
1597 531 1749 572 adiun-

235 621 390 670 gentur
431 613 693 670 spiritusque
729 609 968 650 bestiarum
999 604 1254 662 palustrium
1286 607 1521 642 venenatos
1554 614 1651 640 cum
1678 613 1749 639 ne-

227 682 328 724 bula
359 683 517 722 mixtos
550 680 596 720 in
627 678 919 719 habitatorum
951 686 1131 729 corpora
1161 671 1267 712 flatu
1298 674 1528 726 spargent,
1562 666 1752 707 efficient

226 750 366 793 locum
403 748 692 805 pestilentem.
766 746 871 785 item
917 743 954 783 si
992 740 1229 797 secundum
1266 751 1384 778 mare
1424 741 1547 777 erunt
1583 735 1753 775 moenia

227 817 568 875 spectabuntque
606 815 662 855 ad
699 811 926 853 meridiem
964 815 1038 850 aut
1068 806 1338 848 accidentem
1367 819 1454 846 non
1484 809 1609 844 erunt
1640 802 1750 843 salu-

228 887 343 939 bria,
384 884 499 941 quod
528 898 605 940 per
641 887 850 922 aestatem
888 877 1053 918 caelum
1090 874 1379 916 meridianum
1410 871 1499 913 sole
1530 871 1754 912 exoriente

229 955 405 995 calescit
451 951 633 992 meridie
677 948 824 1001 ardet,
870 947 975 987 item
1013 942 1129 1000 quod
1174 947 1340 999 spectat
1384 940 1438 980 ad
1486 938 1753 980 occidentem

229 1022 317 1063 sole
362 1026 510 1061 exorto
556 1017 738 1074 tepescit
782 1013 965 1055 meridie
1010 1011 1120 1052 calet
1165 1023 1345 1065 vespere
1390 1008 1545 1048 fervet.
1620 1006 1754 1060 igitur

228 1087 539 1131 mutationibus
579 1085 731 1126 caloris
771 1089 812 1123 et
848 1079 1192 1135 refrigerationis
1233 1091 1411 1133 corpora
1450 1089 1558 1131 quae
1602 1075 1649 1114 in
1686 1073 1753 1114 his

230 1157 335 1198 locis
374 1162 472 1196 sunt
504 1153 788 1194 vitiabuntur.
828 1149 910 1190 hoc
939 1153 1083 1188 autem
1114 1145 1216 1186 licet
1245 1143 1592 1185 animadvertere
1624 1142 1754 1182 etiam

232 1225 343 1280 exis
375 1237 483 1278 quae
513 1237 597 1262 non
619 1226 718 1261 sunt
747 1216 965 1258 animalia.
1025 1216 1069 1255 in
1100 1213 1218 1254 cellis
1258 1213 1372 1253 enim
1409 1211 1590 1251 vinariis
1628 1209 1754 1250 tectis

235 1293 393 1333 lumina
414 1304 538 1330 nemo
560 1290 676 1344 capit
705 1302 730 1327 a
759 1285 941 1326 meridie
971 1297 1050 1323 nec
1080 1282 1135 1322 ab
1167 1280 1392 1322 occidente
1423 1279 1499 1320 sed
1530 1293 1555 1318 a
1586 1284 1755 1334 septen—

233 1361 393 1413 trione,
434 1357 547 1413 quod
586 1371 634 1396 ea
673 1355 793 1408 regio
832 1352 948 1393 nullo
979 1358 1172 1407 tempore
1202 1348 1462 1389 mutationes
1494 1346 1648 1401 recipit
1679 1344 1757 1385 sed

235 1434 299 1468 est
336 1427 458 1467 firma
496 1430 703 1481 perpetuo
743 1428 785 1462 et
821 1417 1104 1461 inmutabilis
1172 1416 1270 1456 ideo
1310 1415 1438 1455 etiam
1479 1429 1528 1454 ea
1557 1414 1758 1468 granaria

236 1509 343 1551 quae
381 1494 436 1534 ad
476 1491 577 1533 solis
610 1504 778 1531 cursum
810 1493 1005 1544 spectant
1036 1485 1273 1526 bonitatem
1306 1483 1390 1523 cito
1421 1488 1602 1533 mutant,
1634 1480 1756 1521 obso-

235 1565 392 1618 niaque
429 1567 470 1601 et
508 1574 633 1616 poma
674 1572 781 1613 quae
818 1571 904 1597 non
941 1556 986 1596 in
1026 1568 1075 1593 ea
1111 1558 1233 1608 parte
1264 1550 1370 1591 caeli
1401 1556 1620 1605 ponuntur
1650 1562 1757 1604 quae

202 1641 207 1670 ζ
240 1637 303 1671 est
347 1643 500 1670 aversa
536 1643 561 1667 a
592 1626 693 1667 solis
733 1639 880 1677 cursu,
926 1638 1012 1663 non
1049 1621 1125 1660 diu
1156 1624 1397 1660 servantur.
1457 1632 1556 1657 nam
1588 1630 1757 1672 semper

237 1698 351 1738 calor
382 1712 477 1737 cuni
510 1694 712 1749 excoquit
743 1707 765 1732 e
796 1691 924 1732 rebus
956 1689 1202 1730 firmitatem
1235 1693 1276 1727 et
1308 1685 1541 1741 vaporibus
1574 1683 1757 1724 fervidis

239 1766 366 1821 eripit
405 1763 633 1818 exugendo
671 1758 887 1801 naturales
926 1759 1132 1808 virtutes,
1172 1753 1374 1795 dissolvit
1413 1768 1482 1793 eas
1515 1759 1556 1793 et
1587 1753 1758 1792 fervore

237 1833 536 1874 mollescentes
569 1830 702 1870 efficit
732 1825 969 1868 inbecillas.
1028 1831 1076 1865 ut
1107 1824 1235 1864 etiam
1266 1823 1311 1862 in
1341 1821 1454 1861 ferro
1485 1820 1756 1861 animadver-

237 1902 388 1953 timus,
435 1898 549 1954 quod
595 1896 791 1952 quamvis
830 1900 984 1934 natura
1022 1893 1078 1933 sit
1115 1891 1292 1943 (lurum,
1336 1890 1382 1929 in
1420 1888 1668 1929 fornacibus
1703 1887 1758 1927 ab

240 1969 352 2023 ignis
391 1980 550 2021 vapore
588 1963 921 2020 percalefactum
960 1962 1020 2001 ita
1057 1958 1270 2000 mollescit
1300 1958 1363 1997 uti
1393 1957 1438 1997 in
1469 1970 1593 1997 omne
1623 1970 1759 2009 genus

240 2036 401 2077 formae
440 2033 625 2073 faciliter
660 2031 917 2081 fabricetur,
959 2035 999 2068 et
1037 2027 1151 2068 idem
1192 2040 1287 2065 cum
1324 2023 1451 2065 molle
1491 2029 1533 2064 et
1570 2023 1759 2063 candens

240 2103 539 2158 refrigeretur,
579 2101 760 2141 tinctum
791 2097 951 2151 frigida
980 2094 1221 2136 redurescit
1259 2099 1300 2133 et
1330 2092 1574 2133 restituitur
1611 2092 1655 2131 in
1685 2105 1756 2130 an-

241 2172 405 2226 tiquam
437 2168 756 2225 proprietatem.
825 2165 924 2205 licet
963 2164 1092 2204 etiam
1131 2160 1404 2203 considerare
1441 2159 1546 2200 haec
1577 2159 1637 2199 ita
1667 2172 1760 2198 esse

243 2254 296 2279 cx
344 2253 391 2279 co
437 2236 550 2292 quod
595 2240 757 2275 aestate
806 2248 890 2273 non
935 2230 1071 2272 solum
1117 2231 1161 2270 in
1200 2228 1502 2286 pestilentibus
1541 2226 1646 2267 locis
1685 2226 1760 2266 sed

244 2308 372 2347 etiam
410 2306 455 2345 in
493 2302 737 2344 salubribus
769 2302 911 2341 onmia
942 2313 1119 2354 corpora
1150 2297 1290 2338 calore
1320 2297 1427 2337 fiant
1456 2293 1680 2346 inbecilla,
1720 2299 1761 2333 et

334 2469 353 2498 ἰ),
380 2465 533 2507 frigides
565 2467 642 2494 ante
667 2473 758 2494 corr.
787 2442 835 2503 (ἓ)
866 2463 908 2492 ΙΙ.
928 2459 942 2503 Η
959 2461 990 2492 si
1014 2461 1106 2492 doen:
1132 2460 1180 2491 sic
1207 2458 1285 2490 GH.
1317 2456 1332 2500 Η
1363 2459 1382 2489 3
1400 2455 1556 2498 palustri
1573 2458 1651 2486 ante
1668 2465 1758 2486 corr.

247 2546 316 2587 (qni
341 2546 421 2577 add.
446 2543 476 2584 s)
507 2544 543 2573 [τ’.
577 2540 591 2584 Η
622 2544 641 2573 5
668 2541 882 2583 plaustrium
914 2545 991 2571 ante
1023 2550 1112 2570 corr.
1146 2539 1192 2569 H.
1219 2536 1233 2579 Η
1256 2535 1448 2569 venenatis
1479 2539 1556 2566 ante
1586 2544 1674 2565 corr.
1707 2511 1760 2572 (i)

251 2603 294 2633 ΙΙ,
324 2599 337 2643 Η
369 2602 388 2631 6
414 2601 520 2630 flatu:
552 2600 601 2629 sie
628 2598 693 2628 GH
712 2597 766 2637 (Ie,
799 2597 905 2627 flatus
931 2596 987 2637 L),
1022 2594 1036 2638 Η
1075 2597 1094 2626 9
1121 2594 1230 2636 quod:
1265 2593 1351 2634 quia
1378 2592 1415 2623 G.
1451 2589 1466 2633 Η
1500 2592 1540 2621 12
1566 2589 1760 2629 refrigera-

248 2657 356 2688 tionis
384 2657 448 2687 (ill
475 2656 532 2696 (L,
560 2654 710 2684 unibus
735 2653 789 2694 Ic).
824 2650 837 2694 Η
872 2654 911 2683 14
936 2653 967 2682 is
994 2651 1053 2691 (iis
1077 2651 1184 2690 Joe.):
1218 2650 1274 2681 liis
1302 2649 1377 2681 GH.
1408 2646 1423 2690 Η
1456 2649 1496 2679 15
1523 2645 1659 2678 amedie
1684 2649 1761 2676 ante

248 2725 336 2745 eor-r.
372 2714 417 2745 Il.
455 2710 469 2752 11
504 2713 544 2742 16
577 2710 789 2741 mutationis
819 2713 896 2739 unte
929 2718 1018 2741 corr.
1046 2708 1092 2740 H.
1128 2705 1143 2749 Η
1183 2708 1221 2738 17
1255 2706 1364 2737 ctiam
1391 2714 1434 2735 ea
1465 2713 1542 2745 (ἔρος
1582 2703 1692 2733 etiam
1726 2703 1762 2730 et

251 2768 368 2808 (iham
394 2768 422 2799 ἃ
450 2768 500 2808 ΙΙ)
529 2768 605 2798 (ill.
640 2764 654 2808 Η
685 2767 725 2796 21
754 2776 771 2795 e
799 2764 904 2795 rebus
931 2763 966 2803 (a
993 2764 1100 2794 rebus
1126 2762 1248 2802 Pium:
1275 2762 1421 2793 aeribus
1448 2758 1525 2800 (pro
1552 2757 1699 2790 aerebus
1716 2768 1761 2783 Ξ

218 2847 222 2851 .
253 2837 269 2853 ‹-
298 2823 418 2864 robus>
447 2824 523 2854 (r'll.
547 2820 563 2865 Η
586 2822 748 2854 fervidus
773 2825 850 2851 (mle
875 2830 945 2851 vras.
975 2820 1011 2849 (τ’.
1041 2817 1055 2860 Η
1087 2820 1129 2849 ‘22
1156 2817 1364 2859 exsugendo
1390 2821 1467 2847 aute
1492 2826 1582 2848 corr.
1610 2814 1648 2853 G,
1678 2823 1760 2844 exu-

253 2880 369 2920 gendo
396 2881 431 2910 ll
450 2880 552 2919 (G‹'l‹·‚
580 2877 758 2909 exurendo
786 2876 844 2916 L).
875 2873 888 2917 Η
920 2876 962 2906 ‘25
988 2876 1041 2905 uti
1066 2875 1120 2905 in:
1147 2876 1195 2905 sic·
1222 2874 1297 2906 lr'll.
1323 2871 1338 2914 Η
1361 2873 1456 2904 omni
1483 2872 1527 2904 H.
1557 2869 1571 2912 Η
1599 2871 1640 2901 27
1658 2868 1761 2900 redu-

254 2936 364 2966 rescit
388 2936 477 2966 Just:
508 2939 611 2965 meat
639 2935 714 2965 (ill.
745 2931 758 2975 Η
787 2931 989 2963 restituitur
1014 2932 1106 2964 ,Ιωικτ
1135 2933 1302 2961 -tuatur
1329 2929 1405 2959 GH.

1779 1014 1798 1043 [Ο
