1909 3322
138 960 147 989 l
155 961 175 990 0

199 232 227 272 4
852 241 1061 273 VITRUvn

199 360 289 386 nes.
350 345 452 386 item
483 359 559 400 per
588 344 759 399 opticen
791 345 835 384 in
864 344 1074 386 aedificiis
1106 345 1160 386 ab
1191 346 1320 387 certis
1341 344 1591 400 regionibus
1614 344 1722 385 caeli

200 412 362 453 lumina
391 417 506 453 recte
538 410 767 452 ducuntur.
828 426 905 467 per
931 412 1233 453 arithmeticen
1254 427 1357 454 vero
1388 419 1582 468 sumptus
1604 412 1720 453 aedi—

200 480 390 520 ficiorum
438 484 806 532 consummantur,
860 494 1155 520 mensurarum
1201 481 1388 522 rationes
1436 479 1721 535 explicantur,

200 546 486 601 difficilesque
516 547 862 603 symmetriarum
893 548 1166 602 quaestiones
1186 548 1461 602 geometricis
1482 547 1723 588 rationibus

201 622 243 655 et
285 613 499 654 methodis
545 615 840 655 inveniuntur.
923 614 1126 657 historias
1170 622 1314 656 autem
1358 615 1503 671 plures
1549 615 1723 657 novisse

199 688 387 738 oportet,
430 682 544 737 quod
584 681 720 723 multa
751 689 1001 723 ornamenta
1033 697 1159 739 saepe
1190 683 1234 723 in
1265 682 1468 738 operibus
1499 682 1725 723 architecti

200 750 451 804 designant,
490 750 544 790 de
575 749 730 805 quibus
761 751 1006 805 argumenti
1035 752 1246 792 rationem
1278 766 1353 792 cur
1383 750 1565 791 fecerint
1596 764 1722 805 quae-

199 817 393 858 rentibus
422 817 605 858 reddere
635 817 808 858 debent.
869 819 1229 874 quemadmodum
1253 820 1289 860 si
1311 819 1405 874 quis
1428 824 1591 859 statuas
1614 832 1721 858 mar-

200 899 365 926 moreas
402 884 634 925 muliebres
676 884 874 939 stolatas,
926 901 1034 941 quae
1080 886 1325 942 caryatides
1375 886 1599 940 dicuntur,
1646 900 1723 942 pro

200 953 408 994 columnis
446 953 491 993 in
528 966 655 1008 opere
703 954 902 994 statuerit
942 960 983 994 et
1021 954 1199 1010 insuper
1236 953 1424 995 mutulos
1464 960 1505 994 et
1545 968 1722 994 coronas

199 1020 502 1073 conlocaverit,
521 1020 873 1076 percontantibus
888 1021 950 1061 ita
970 1021 1122 1062 reddet
1138 1022 1361 1062 rationem.
1404 1021 1547 1077 Carya
1568 1022 1723 1062 civitas

200 1088 538 1145 Peloponnensis
586 1102 681 1129 cum
725 1087 870 1129 Persis
918 1088 1117 1130 hostibus
1164 1096 1312 1131 contra
1351 1089 1581 1130 Graeciam
1623 1103 1721 1129 con-

200 1157 354 1209 sensit,
400 1162 550 1212 postea
590 1155 746 1196 Grraeci
793 1170 869 1210 per
906 1156 1132 1198 victoriam
1171 1157 1358 1212 gloriose
1399 1156 1511 1197 bello
1550 1156 1722 1197 liberati

200 1224 414 1266 communi
436 1222 614 1264 consilio
632 1222 891 1278 Caryatibus
914 1222 1075 1264 bellum
1097 1225 1363 1266 indixerunt.
1394 1226 1541 1281 itaque
1562 1224 1722 1280 oppido

154 1298 168 1326 Γ
199 1298 323 1347 capto
354 1292 460 1332 viris
500 1290 737 1331 interfectis
777 1291 956 1331 civitate
997 1291 1220 1333 desacrata
1249 1298 1467 1333 matronas
1500 1307 1646 1333 eorum
1677 1292 1721 1332 in

198 1360 451 1401 servitutem
481 1358 778 1411 abduxerunt,
818 1373 897 1399 nec
927 1365 1027 1400 sunt
1056 1361 1174 1414 passi
1215 1359 1344 1402 stolas
1377 1375 1515 1416 neque
1546 1365 1721 1401 ornatus

198 1426 455 1468 matronales
487 1426 723 1482 deponere,
765 1428 829 1466 uti
858 1441 944 1467 non
974 1442 1059 1468 una
1098 1427 1316 1483 triumpho
1355 1428 1614 1470 ducerentur
1645 1427 1721 1469 sed

197 1501 371 1535 aeterno
403 1494 625 1535 servitutis
665 1493 862 1549 exemplo
901 1495 1026 1548 gravi
1065 1494 1324 1535 contumelia
1356 1510 1529 1551 pressae
1560 1510 1720 1552 poenas

199 1562 385 1618 pendere
422 1561 676 1602 viderentur
716 1576 793 1616 pro
834 1562 1025 1602 civitate.
1105 1562 1203 1603 ideo
1243 1563 1315 1618 qui
1352 1570 1456 1604 tunc
1493 1563 1723 1604 architecti

199 1630 371 1670 fuerunt
391 1629 601 1669 aedificiis
624 1628 808 1685 publicis
839 1629 1178 1684 designaverunt
1201 1644 1346 1671 earum
1369 1631 1578 1685 imagines
1602 1631 1722 1671 oneri

198 1697 380 1738 serundo
427 1696 687 1746 conlocatas,
735 1702 783 1737 ut
828 1698 956 1738 etiam
1003 1698 1189 1753 posteris
1235 1704 1337 1738 nota
1381 1713 1518 1754 poena
1555 1699 1722 1754 peccati

200 1765 452 1821 Caryatium
485 1764 715 1804 memoriae
752 1764 1008 1805 traderetur.
1068 1780 1153 1805 non
1184 1766 1326 1806 minus
1356 1766 1572 1819 Lacones,
1613 1766 1717 1806 Pau-

200 1833 319 1874 sania
350 1831 656 1886 Agesipolidsss
697 1830 785 1872 filio
818 1832 946 1884 (luce,
986 1832 1178 1873 Plataico
1217 1832 1380 1888 proelio
1418 1848 1555 1889 pauca
1592 1848 1721 1874 manu

296 1972 310 1999 1
338 1969 509 2010 optichen
537 1969 579 2005 G,
613 1968 786 2009 opthicen
812 1968 848 1999 H
872 1970 1065 2010 (Lcl'pble,
1093 1970 1238 2011 opticen
1264 1970 1321 2011 L).
1352 1968 1366 2013 ΙΙ
1399 1972 1418 2002 2
1445 1970 1615 2001 dicuntur
1642 1972 1680 2003 [ι’.
1703 1971 1717 2012 Η

202 2025 483 2057 arithmetichen
522 2024 588 2054 GH
626 2024 747 2064 (Phole,
789 2024 1046 2056 arithmeticen
1087 2026 1156 2066 Ly),
1190 2027 1411 2058 —metricen
1443 2027 1479 2068 l).
1518 2024 1533 2069 Η
1570 2028 1591 2058 4
1627 2038 1719 2068 sym-

202 2082 428 2113 metriarum:
471 2080 493 2111 i.
535 2080 767 2111 commensusl
802 2091 976 2121 suprascr.
1019 2082 1072 2111 [s.
1108 2080 1122 2123 Η
1160 2083 1179 2113 5
1216 2082 1433 2114 methodicis
1461 2084 1511 2114 elz.
1552 2081 1569 2126 Η
1607 2084 1625 2114 7
1664 2095 1718 2115 ar-

201 2137 364 2177 gumenti
395 2147 472 2178 690:
515 2136 740 2177 argumentis
774 2136 840 2167 GH
872 2134 931 2177 (cf.
964 2137 1050 2173 Vll,
1083 2140 1113 2175 5,
1140 2137 1202 2178 -l.).
1234 2136 1248 2179 1}
1286 2140 1306 2169 9
1339 2140 1547 2180 caryatides
1581 2141 1623 2174 G.
1658 2151 1718 2171 ca—

202 2193 352 2224 riatides
384 2193 419 2223 H
452 2190 610 2233 (LPphe,
647 2192 841 2223 tariatides
872 2192 908 2233 l).
946 2190 961 2234 ΙΙ
1007 2194 1044 2223 11
1077 2195 1377 2234 percontantibus
1414 2201 1492 2227 aule
1528 2207 1617 2228 corr.
1654 2197 1720 2228 GH

201 2262 269 2300 (hc,
309 2252 611 2302 percontantibus
638 2259 703 2297 HC,
731 2260 1057 2300 percunctantibus
1084 2261 1250 2303 GcLPple
1280 2267 1312 2293 ec
1338 2269 1415 2295 (mle
1440 2274 1530 2296 corr.
1558 2265 1588 2295 l).
1612 2262 1626 2306 Η
1649 2263 1717 2296 Ca-

201 2317 257 2347 ria
285 2316 359 2347 (Jll.
395 2314 409 2357 ΙΙ
443 2317 481 2346 12
513 2315 769 2356 peloponensis
804 2316 847 2356 G,
890 2315 1166 2358 peloponnessis
1203 2319 1239 2348 H
1285 2318 1539 2361 (—ponnensis
1580 2320 1717 2362 Ppbles,

201 2372 452 2412 —pomnensis
477 2372 519 2409 L,
545 2372 778 2413 —poniensis
803 2377 880 2403 (mle
898 2383 988 2406 corr.
1006 2372 1051 2412 e).
1086 2371 1100 2415 [l
1142 2375 1182 2404 14
1200 2375 1410 2417 cariatybus
1433 2376 1478 2416 G,
1505 2377 1716 2418 caryatibus

202 2428 238 2458 Il
265 2427 307 2467 (e,
334 2428 536 2459 cariatibus
560 2428 668 2468 LPbl,
695 2428 914 2459 caricatibus
936 2430 989 2469 p).
1018 2427 1032 2470 ΙΙ
1066 2431 1107 2461 15
1132 2430 1329 2462 desacrata
1347 2432 1409 2472 (=
1429 2436 1648 2464 consacrata
1672 2434 1717 2474 ef.

203 2484 269 2514 (filie.
297 2486 338 2515 de
363 2485 424 2525 less.
453 2494 527 2525 αφ’.
554 2483 585 2522 I,
614 2485 666 2515 12.
701 2484 735 2515 C.
767 2484 959 2521 mamzer,
992 2484 1154 2517 Tektom‘lc
1180 2486 1248 2523 JV,
1282 2487 1359 2528 107)
1409 2499 1487 2529 eyo:
1527 2489 1717 2521 declarata

205 2540 270 2570 GH
296 2538 483 2580 (LPpblelc,
510 2541 571 2571 secl
597 2539 721 2571 deleta
746 2550 919 2580 suprascr.
946 2539 988 2578 οἳ,
1015 2552 1080 2572 mm
1104 2540 1151 2582 le).
1184 2539 1199 2583 ΙΙ
1232 2543 1272 2573 17
1297 2553 1369 2574 una
1397 2544 1463 2574 GH
1489 2544 1619 2586 (Ppln'c,
1646 2556 1716 2577 uno

202 2596 270 2625 Llc.
289 2593 303 2637 l}
321 2595 527 2627 dicerentur
539 2599 617 2626 (mle
631 2605 720 2628 corr.
739 2596 780 2629 L.
804 2593 818 2638 Η
844 2598 883 2627 18
897 2597 1086 2629 servitutis
1099 2598 1148 2628 his
1167 2597 1194 2628 G
1211 2596 1287 2638 (secl
1302 2602 1440 2631 alterum
1453 2601 1542 2632 linea
1555 2602 1717 2633 subducta

202 2674 289 2704 delet
323 2673 390 2713 (lc).
424 2671 439 2715 Η
477 2684 629 2715 praesac
666 2679 744 2706 ante
775 2686 864 2707 corr.
898 2676 945 2707 H.
986 2673 1000 2718 Ι]
1039 2678 1079 2708 21
1122 2676 1273 2707 ferundo
1309 2683 1387 2709 ante
1417 2689 1506 2710 corr.
1546 2667 1596 2723 (ᾗ)
1630 2686 1663 2712 el
1689 2682 1716 2711 (ι’

203 2734 233 2759 el
260 2730 313 2759 Il:
342 2730 490 2761 ferendo
517 2729 807 2772 (GelchPpblej).
843 2728 856 2774 Η
888 2734 929 2762 22
956 2733 1174 2773 caryatium:
1206 2735 1255 2764 sic
1286 2734 1352 2764 GH
1377 2734 1494 2774 (lbeclz,
1522 2735 1713 2766 cariatium

206 2785 338 2825 Alme).
371 2784 385 2827 ΙῙ
417 2786 581 2831 laconiqs
618 2798 653 2826 e,
692 2786 855 2819 laconies
880 2788 909 2819 ll.
943 2786 958 2830 Η
996 2790 1037 2819 23
1069 2788 1325 2830 Agesipolidos
1356 2790 1447 2823 docnt
1496 2791 1626 2832 hagest
1651 2791 1713 2823 ille

203 2840 435 2891 (hagcst-ille
463 2841 524 2883 (its)
546 2841 549 2883 Ι
573 2842 712 2883 polidOS
745 2843 787 2879 G,
814 2843 945 2884 hagest
970 2844 1056 2875 illae
1078 2843 1081 2885 Ι
1104 2845 1244 2886 polidos
1270 2846 1305 2875 H
1332 2845 1545 2888 (hagestille
1569 2847 1713 2888 polislos

205 2930 428 2971 lile’pltldz)
466 2934 501 2963 id
533 2939 583 2964 nst
618 2933 888 2976 hagesipolidos
926 2934 982 2966 vel
1016 2934 1219 2974 hag-esium
1261 2934 1348 2977 (scil,
1387 2900 1653 2978 hagellfllllldos
1680 2944 1712 2970 et

1748 625 1768 654 2'1

1746 1774 1765 1804 G
