1909 3322
162 971 200 1001 10

228 238 306 280 158
876 241 1084 273 VITRUVII

223 351 350 406 genio
382 363 426 389 se
447 347 718 404 profiteretur
747 359 833 386 non
862 343 991 386 modo
1023 357 1156 383 unum
1187 341 1263 382 sed
1295 341 1424 381 etiam
1453 338 1597 395 plures
1629 337 1743 378 alere

222 431 361 474 posse.
423 421 464 474 61
484 414 539 455 ad
562 427 771 456 summam
800 427 914 453 mors
947 412 1037 452 eius
1068 416 1116 451 ut
1146 407 1370 465 parricidii
1400 406 1592 447 damnati
1622 406 1743 446 varie

223 489 494 526 memoratur.
544 481 620 522 alii
652 481 765 522 enim
796 480 1060 535 scripserunt
1089 492 1114 517 a
1135 473 1419 531 Philadelpho
1451 488 1544 514 esse
1574 474 1617 514 in
1649 487 1741 513 cru-

224 567 315 593 cem
336 552 484 604 fixum,
516 548 711 592 nonnulli
733 548 832 590 Chii
856 548 893 588 ei
914 546 1082 603 lapides
1115 557 1208 585 esse
1239 543 1469 594 coniectos,
1500 540 1575 581 alii
1597 540 1742 596 Smyr-

221 634 302 661 nae
331 619 483 660 vivum
513 618 559 658 in
588 630 742 673 pyram
773 616 1026 657 coniectum.
1070 626 1249 668 quorum
1278 616 1422 650 utrum
1454 609 1493 649 ei
1521 606 1742 660 acciderit,

222 688 405 729 merenti
435 685 567 741 digna
598 684 792 725 constitit
821 696 971 739 poena.
1031 695 1117 721 non
1147 679 1260 720 enim
1290 676 1416 718 aliter
1444 675 1618 717 Videtur
1648 689 1743 730 pro-

224 756 378 797 mereri
410 755 483 810 qui
514 748 618 794 citat
650 766 719 793 eos
753 764 932 806 quorum
962 762 1230 803 responsum,
1263 745 1367 801 quid
1398 744 1610 785 senserint
1641 743 1743 783 scri-

223 823 390 876 bentes,
420 836 508 862 non
537 826 679 876 potest
711 832 852 859 coram
883 815 1081 856 indicari.
1142 829 1220 869 ego
1251 827 1368 865 vero,
1402 811 1575 863 Caesar,
1606 823 1745 864 neque
1773 821 1813 851 10

227 890 379 931 alienis
417 888 635 929 indicibus
675 886 851 928 mutatis
889 883 1143 938 interposito
1173 881 1347 922 nomine
1375 894 1469 920 meo
1500 877 1546 919 id
1574 876 1745 934 profero

226 972 379 1014 corpus
424 971 563 1012 neque
600 954 730 996 ullius
769 953 958 1007 cogitata
998 951 1249 1006 vituperans
1289 947 1460 989 institui
1497 960 1551 986 ex
1591 959 1639 985 eo
1679 958 1746 984 me

228 1025 499 1081 adprobare,
546 1022 623 1064 sed
669 1020 868 1062 omnibus
914 1018 1195 1074 scriptoribus
1234 1015 1425 1056 infinitas
1464 1028 1546 1068 ago
1583 1012 1746 1067 gratias

230 1093 344 1148 quod
387 1091 571 1146 egregiis
612 1089 883 1144 ingeniorum
921 1085 1124 1127 sollertiis
1164 1099 1218 1125 ex
1256 1098 1363 1124 aevo
1402 1081 1582 1124 conlatis
1613 1079 1746 1120 abun-

228 1160 379 1200 dantes
401 1158 511 1199 alius
541 1157 625 1198 alio
656 1170 813 1211 genere
844 1155 989 1210 copias
1020 1157 1407 1210 praeparaverunt,
1439 1148 1554 1190 unde
1585 1162 1660 1188 nos
1683 1147 1747 1187 uti

227 1226 419 1268 fontibus
447 1225 695 1265 haurientes
726 1238 880 1279 aquam
912 1228 954 1262 et
983 1220 1037 1261 ad
1068 1219 1241 1277 propria
1271 1217 1491 1274 proposita
1519 1214 1746 1256 traducen-

228 1302 292 1335 tes
332 1292 604 1334 facundiores
644 1298 685 1332 et
723 1290 1016 1346 expeditiores
1045 1288 1251 1330 habemus
1290 1285 1347 1326 ad
1378 1284 1654 1326 scribendum
1684 1281 1746 1322 fa-

230 1361 411 1403 cultates
433 1360 677 1415 talibusque
705 1357 968 1400 confidentes
997 1355 1244 1397 auctoribus
1275 1353 1480 1394 audemus
1511 1350 1747 1393 institutio-

230 1444 304 1470 nes
335 1443 469 1469 novas
501 1440 762 1483 comparare.

342 1496 482 1550 Igitur
518 1494 624 1536 tales
662 1495 881 1548 ingressus
920 1506 1065 1534 eorum
1104 1491 1204 1545 quia
1241 1488 1296 1529 ad
1327 1487 1537 1544 propositi
1567 1486 1651 1526 mei
1681 1499 1745 1525 ra·
1774 1499 1812 1528 11

229 1565 366 1605 tiones
387 1562 675 1603 animadverti
696 1566 987 1617 praeparatos7
1018 1557 1120 1598 inde
1141 1555 1347 1598 sumendo
1378 1554 1580 1611 progredi
1612 1553 1747 1608 coepi.

230 1645 415 1686 namque
446 1631 629 1686 primum
655 1626 955 1683 Agatharchus
986 1625 1170 1666 Athenis
1201 1622 1418 1679 Aeschylo
1449 1622 1631 1663 docente
1663 1626 1746 1660 tra-

231 1697 430 1753 goediam
461 1711 659 1739 scaenam
690 1696 793 1737 fecit
824 1701 866 1736 et
897 1694 951 1735 de
982 1708 1031 1734 ea
1062 1691 1414 1734 commentarium
1446 1688 1634 1744 reliquit.
1695 1691 1750 1727 ex

233 1781 281 1807 eo
321 1765 472 1806 moniti
502 1764 777 1805 Democritus
817 1769 859 1803 et
888 1762 1171 1815 Anaxagoras
1212 1759 1266 1799 de
1304 1757 1453 1799 eadem
1492 1771 1538 1797 re
1569 1755 1749 1810 scripse-

232 1840 333 1874 runt
343 1866 353 1887 7
387 1831 747 1888 quemadmodum
777 1835 971 1886 oporteat
1009 1827 1065 1869 ad
1095 1828 1231 1884 aciem
1262 1825 1482 1867 oculorum
1512 1823 1748 1864 radiorum-

234 1915 316 1956 que
354 1900 644 1940 extentionem
689 1904 803 1938 certo
843 1896 934 1938 loco
971 1902 1118 1937 centro
1157 1894 1389 1935 constituto
1420 1891 1555 1932 lineas
1586 1890 1750 1930 ratione

194 1983 205 1989 ·
234 1966 421 2008 naturali
452 1965 714 2022 respondere
725 1997 735 2017 7
774 1965 837 2005 uti
869 1964 921 2004 de
953 1962 1116 2003 incerta
1146 1976 1191 2001 re
1223 1967 1363 2001 certae
1394 1959 1603 2013 imagines
1635 1956 1750 1996 acdi-

234 2035 425 2076 ficiorum
458 2035 502 2074 in
532 2046 781 2073 scaenarum
811 2030 988 2086 picturis
1019 2028 1249 2069 redderent
1280 2027 1466 2082 speciem
1498 2032 1539 2065 et
1570 2037 1677 2079 quae
1706 2023 1749 2062 in

238 2102 413 2143 directis
458 2100 683 2157 planisque
727 2097 941 2139 frontibus
989 2098 1075 2138 sint
1112 2095 1295 2150 figurata
1305 2127 1316 2148 7
1355 2093 1440 2134 alia
1475 2091 1752 2133 abscedentia

238 2168 323 2209 alia
361 2167 649 2223 prominentia
679 2180 773 2206 csse
803 2163 1045 2205 videantur.
1106 2169 1255 2218 postea
1286 2160 1450 2202 Silenus
1482 2159 1536 2200 de
1566 2171 1748 2214 symme-
1778 2172 1816 2201 1²2

332 2375 348 2404 1
383 2372 485 2405 modo
517 2381 641 2403 unum:
673 2372 722 2401 sie
755 2370 830 2401 GH.
860 2366 876 2411 Π
908 2371 927 2400 3
961 2366 1219 2409 aphilodelpho
1254 2367 1290 2397 G.
1323 2365 1337 2407 ΙΙ
1375 2366 1396 2396 4
1427 2365 1475 2396 cii
1507 2363 1559 2406 (id
1587 2367 1640 2394 est
1669 2360 1751 2393 Chii

241 2430 356 2468 Salm.)
385 2429 433 2459 ei:
459 2429 508 2459 sic
535 2427 600 2459 GH
631 2424 925 2468 (nonlnulliciiei
959 2425 1003 2464 G,
1035 2422 1200 2455 nonnulli
1215 2423 1263 2453 cii
1278 2422 1312 2453 ei
1338 2422 1419 2457 Hle,
1453 2421 1535 2453 Non
1564 2418 1654 2450 nulli
1680 2418 1751 2449 ciei

242 2484 299 2525 L).
330 2482 345 2527 Η
377 2484 537 2515 zmirnae
563 2481 668 2522 (—ne
696 2481 738 2521 G)
766 2482 831 2513 GH
856 2482 917 2522 (L,
944 2480 1075 2512 smirne
1102 2481 1128 2516 I,
1155 2487 1296 2519 smyrne
1322 2476 1391 2517 elz).
1421 2473 1436 2517 ΙΙ
1467 2477 1486 2506 5
1511 2475 1630 2507 vivom
1656 2474 1703 2504 H.
1732 2471 1747 2512 11

242 2541 278 2571 in
304 2550 430 2582 pyram
455 2537 545 2581 (pirfi
572 2538 612 2577 G)
640 2537 858 2568 coniectum:
885 2538 933 2567 sic·
960 2535 1037 2567 GH.
1060 2532 1075 2577 [l
1097 2536 1116 2566 7
1143 2544 1218 2565 eos:
1246 2542 1282 2563 cs
1307 2536 1385 2563 ante
1409 2542 1500 2565 corr.
1521 2531 1558 2563 G.
1579 2528 1595 2572 Η
1616 2531 1636 2561 9
1662 2528 1750 2560 alie<

243 2607 309 2628 nas
335 2602 413 2628 ante
437 2605 527 2626 corr.
556 2594 602 2627 H.
635 2590 649 2635 Η
682 2594 722 2624 13
748 2592 842 2623 alius
869 2592 1037 2624 Oudend.:
1075 2590 1157 2621 aliis
1191 2589 1267 2620 GH.
1300 2586 1313 2629 Η
1347 2589 1387 2619 15
1420 2587 1672 2619 facundiores:
1702 2585 1750 2616 sic·

246 2653 322 2686 GH.
354 2650 369 2694 Η
401 2652 441 2682 16
467 2650 675 2689 talibusque
703 2648 768 2679 GH
793 2647 855 2688 (L,
886 2647 1021 2678 talibus
1047 2644 1101 2686 lc).
1138 2643 1154 2687 ss
1191 2645 1231 2675 18
1258 2654 1379 2675 eorum
1411 2644 1496 2685 quia
1520 2652 1595 2684 eqo:
1630 2650 1750 2672 eorum

245 2719 337 2750 quae
364 2706 443 2749 (——e
471 2706 511 2747 G)
540 2706 616 2737 GH.
646 2701 661 2746 Η
694 2705 736 2735 20
762 2703 982 2745 agatharcus
1010 2701 1053 2741 G,
1085 2704 1252 2732 —tarcus
1279 2700 1314 2729 H
1340 2698 1442 2739 (Llc).
1478 2696 1493 2740 ΙΙ
1525 2695 1685 2729 aeschilo
1712 2695 1749 2732 G,

246 2763 394 2808 eschylo
419 2763 457 2793 H
487 2761 596 2802 (Lazo,
624 2759 727 2801 chylo
753 2759 790 2798 I).
823 2757 837 2800 Η
870 2754 1262 2803 doccnt'Scragoediam
1293 2756 1333 2785 H
1361 2754 1429 2795 (ubi
1453 2764 1494 2785 oe
1519 2764 1565 2784 ea*
1589 2751 1706 2791 corr)
1733 2747 1747 2791 11

247 2822 285 2851 21
319 2829 489 2851 scaenam
521 2819 591 2849 erla
630 2814 790 2857 adcelnz').
824 2819 900 2845 ante
942 2826 1031 2849 corr.
1073 2814 1115 2850 G,
1155 2811 1349 2844 adcaeuam
1385 2815 1462 2842 ante
1497 2819 1587 2841 corr.
1621 2809 1657 2839 H
1688 2807 1750 2848 (ad

248 2885 422 2907 scaenam
445 2875 514 2911 Hc,
541 2872 697 2904 adscena
723 2870 817 2910 G⁶L‚
851 2870 1062 2913 adscquam,
1094 2869 1183 2899 ——nz’l
1205 2867 1261 2909 cl).
1292 2865 1308 2909 ΙΙ
1344 2867 1388 2897 24
1413 2865 1671 2898 extentionem:
1702 2863 1751 2894 sic

251 2931 326 2964 GII.
359 2929 374 2973 ΙΙ
403 2931 522 2962 lineas
547 2929 646 2961 Sclm.
674 2927 731 2969 (cf.
756 2937 791 2968 p.
819 2927 871 2964 12,
899 2926 953 2968 3):
981 2926 1148 2958 adlineas
1174 2924 1250 2960 GH,
