1899 3322
83 511 100 540 1

84 1183 104 1213 [0

560 250 622 280 DE
653 248 1007 281 ARCHITECTURA
1039 250 1130 279 Lm.
1164 250 1211 279 11.
1588 234 1641 276 41

121 356 344 399 fluviatica
375 367 477 395 vero
508 358 684 410 propter
711 351 982 392 macritatem
1012 350 1178 393 inutilis
1211 351 1382 405 signino
1413 348 1484 390 vel
1514 348 1644 390 bacu-

124 424 264 466 lorum
298 420 625 465 subactionibus
656 420 701 461 in
730 419 911 460 tectorio
942 419 1096 474 recipit
1128 418 1407 460 soliditatem.

238 491 307 533 De
336 491 521 531 harenae
553 488 688 544 copiis
720 501 816 528 cum
845 485 1056 527 habeatur
1087 484 1364 542 explicatum,
1396 492 1488 526 tum
1518 485 1646 526 etia-m
1671 497 1702 529 V

127 560 181 601 de
204 558 319 600 calce
350 556 577 612 diligentia
608 562 673 596 est
702 552 952 600 adhibenda
980 554 1045 594 uti
1077 552 1130 592 de
1160 551 1257 593 albo
1289 568 1393 594 saxo
1423 559 1497 594 aut
1528 551 1649 594 silice

128 633 348 684 coquatur.
417 631 458 666 et
496 637 604 680 quae
642 623 723 664 erit
762 636 817 662 ex
855 622 996 678 spisso
1035 626 1076 661 et
1107 619 1302 673 duriore,
1347 622 1425 661 erit
1456 618 1575 660 utilis
1606 620 1650 660 in
1676 629 1695 659 5

129 701 366 748 structura,
399 706 508 749 quae
537 697 682 732 autem
713 705 768 731 ex
798 688 1014 741 fistuloso,
1047 688 1092 728 in
1122 688 1330 729 tectoriis.
1363 702 1459 728 cum
1491 702 1539 727 ea
1571 688 1651 728 erit

130 763 342 814 extincta,
374 767 478 802 tunc
507 759 686 800 materia
716 759 778 799 ita
808 757 1040 797 misceatur
1068 762 1116 796 ut
1147 755 1184 796 si
1216 756 1297 796 erit
1327 754 1524 806 fossicia,
1564 761 1650 795 tres

128 831 314 872 harenae
356 835 397 870 et
426 842 512 868 una
544 826 673 867 calcis
712 822 1018 877 infundantur,
1065 824 1101 864 si
1139 829 1282 864 autem
1320 821 1542 862 fluviatica
1579 828 1652 863 aut

128 898 294 939 marina
325 896 409 937 duo
440 895 625 936 harenae
658 900 698 934 et
728 907 815 934 una
853 891 983 932 calcis
1023 891 1273 932 coiciantur.
1333 890 1394 930 ita
1426 890 1540 929 enim
1571 890 1652 930 erit

128 967 244 1007 iusta
280 965 391 1005 ratio
429 962 655 1003 mixtionis
697 966 1026 1017 temperaturae.
1096 958 1225 999 etiam
1255 958 1301 998 in
1330 957 1550 998 fluviatica
1581 963 1654 997 aut

129 1033 297 1074 marina
335 1032 372 1073 si
410 1031 484 1086 qui
522 1036 678 1071 testam
714 1034 887 1069 tunsam
925 1034 965 1067 et
1004 1032 1243 1067 succretam
1282 1039 1337 1065 ex
1373 1025 1502 1066 tertia
1532 1031 1654 1080 parte

129 1100 353 1152 adiecerit,
387 1097 545 1139 efficiet
575 1097 781 1138 materiae
811 1100 1148 1151 temperaturam
1178 1092 1233 1133 ad
1264 1108 1389 1134 usum
1419 1091 1653 1133 meliorem.

130 1182 260 1225 quare
297 1173 442 1208 autem
480 1179 577 1206 cum
615 1164 772 1220 recipit
801 1177 957 1219 aquam
988 1169 1029 1202 et
1060 1161 1264 1202 harenam
1295 1160 1394 1201 calx
1423 1167 1526 1201 tunc
1557 1174 1654 1201 con-

1682 966 1721 996 lO

128 1236 271 1277 firmat
292 1240 573 1286 structuram,
605 1232 711 1273 haec
743 1245 836 1272 esse
868 1245 995 1271 causa
1026 1229 1199 1270 videtur
1230 1228 1344 1284 quod
1376 1243 1398 1269 e
1428 1227 1655 1284 principiis
1711 1277 1716 1278 ⁷

128 1305 192 1346 uti
221 1310 364 1344 cetera
394 1315 573 1357 corpora
603 1301 663 1341 ita
696 1305 737 1340 et
768 1314 874 1341 saxa
905 1305 1004 1339 sunt
1034 1302 1286 1353 temperata.
1347 1302 1387 1336 et
1419 1309 1528 1351 quae
1559 1294 1655 1350 plus

130 1371 293 1413 habent
322 1370 433 1410 aeris
466 1375 565 1409 sunt
595 1374 765 1421 tenera,
808 1380 916 1423 quae
952 1379 1088 1421 aquae
1123 1364 1239 1405 lenta
1271 1370 1369 1405 sunt
1400 1363 1455 1404 ab
1493 1377 1654 1415 umore,

132 1453 239 1496 quae
268 1445 409 1479 terrae
441 1435 568 1489 dura,
606 1450 713 1491 quae
744 1435 858 1490 ignis
890 1432 1127 1488 fragiliora.
1188 1432 1333 1487 itaque
1366 1445 1420 1471 ex
1451 1430 1517 1471 his
1550 1445 1657 1471 saxa

131 1509 168 1548 si
204 1513 435 1561 antequam
474 1509 733 1559 coquantur,
781 1508 960 1543 contusa
1006 1501 1170 1541 minute
1209 1500 1349 1540 mixta
1390 1498 1574 1540 harenae
1612 1498 1655 1538 in

132 1580 392 1616 structuram
437 1571 696 1623 coiciantur,
750 1585 835 1611 non
881 1568 1147 1610 solidescunt
1190 1582 1269 1608 nec
1315 1581 1408 1607 eam
1453 1571 1657 1622 poterunt

132 1642 365 1684 continere.
434 1654 530 1680 cum
568 1653 671 1679 vero
713 1638 906 1680 coniecta
942 1637 988 1677 in
1017 1635 1235 1677 fornacem
1266 1635 1381 1689 ignis
1412 1633 1658 1674 vehementi

131 1710 303 1751 fervore
324 1713 520 1763 correpta
541 1706 764 1746 amiserint
795 1705 1003 1761 pristinae
1034 1703 1265 1745 soliditatis
1296 1703 1522 1753 virtutem,
1555 1708 1659 1741 tune

133 1778 298 1818 exustis
343 1782 472 1831 atque
510 1774 731 1815 exhaustis
778 1788 924 1814 eorum
963 1771 1130 1813 viribus
1169 1770 1470 1825 relinquuntur
1508 1775 1655 1823 paten-

133 1845 249 1886 tibus
289 1841 574 1885 foraminibus
615 1849 656 1881 et
695 1840 910 1881 inanibus.
978 1854 1079 1894 ergo
1118 1838 1258 1894 liquor
1289 1838 1362 1893 qui
1395 1843 1458 1876 est
1490 1836 1533 1876 in
1566 1836 1655 1875 eius

134 1911 292 1968 lapidis
315 1924 494 1967 corpore
516 1916 556 1950 et
576 1923 650 1949 aer
671 1923 768 1948 cum
790 1914 969 1948 exustus
994 1914 1034 1948 et
1057 1912 1229 1962 ereptus
1263 1904 1405 1957 fuerit,
1437 1903 1654 1944 habuerit-

135 1994 216 2036 que
258 1979 304 2019 in
349 1992 395 2018 se
438 1976 660 2018 residuum
699 1974 883 2016 calorem
921 1974 1152 2026 latentem,
1198 1973 1408 2013 intinctus
1448 1971 1492 2011 in
1531 1985 1654 2025 aqua,

133 2047 384 2104 priusquam
424 2059 471 2086 ea
512 2044 626 2099 ignis
666 2044 755 2084 vim
792 2043 969 2099 recipit,
1008 2056 1156 2082 umore
1187 2045 1440 2097 penetrante
1470 2039 1515 2079 in
1546 2037 1656 2079 fora-

134 2115 299 2155 minum
345 2114 542 2155 raritates
586 2110 874 2153 confervescit
920 2116 960 2151 et
1005 2111 1065 2151 ita
1108 2108 1389 2163 refrigeratus
1434 2106 1558 2146 reicit
1603 2120 1657 2146 ex

135 2181 264 2223 calcis
297 2195 473 2237 corpore
503 2179 732 2220 fervorem.
798 2178 897 2219 ideo
927 2184 1070 2218 autem
1103 2191 1184 2232 quo
1215 2174 1405 2231 pondere
1437 2189 1541 2215 saxa
1573 2173 1653 2213 coi-

134 2251 306 2291 ciuntur
350 2250 395 2289 in
439 2248 678 2300 fornacem,
730 2260 826 2287 eum
872 2245 1122 2286 eximuntur
1161 2258 1247 2284 non
1296 2248 1475 2298 possunt
1519 2240 1574 2281 ad
1612 2239 1657 2280 id

229 2433 244 2463 l
272 2431 559 2462 macricritatem
587 2430 625 2463 G,
659 2426 674 2472 [1
706 2427 844 2459 inutilis
870 2426 968 2467 (Lor.
996 2438 1041 2459 ea:
1066 2426 1162 2468 cpit.)
1190 2425 1334 2468 signino
1360 2424 1415 2456 vel
1444 2422 1657 2454 baculorum

139 2489 291 2528 (Salm.):
317 2487 372 2518 uti
397 2487 543 2528 signini]
571 2485 754 2517 liacolorsi
774 2485 810 2515 H
836 2483 903 2523 (uti
928 2483 1023 2524 signi
1051 2483 1155 2515 nfilia
1182 2482 1305 2514 colors]
1335 2481 1373 2517 L,
1401 2490 1433 2510 u.
1454 2490 1469 2510 s
1508 2478 1656 2509 ilacolo-

137 2565 213 2586 rum
239 2555 287 2589 elz,
315 2563 348 2585 u.
375 2564 402 2586 s.
429 2553 598 2595 laicoloy
615 2552 652 2593 I),
678 2552 734 2583 uti
759 2552 906 2593 signini-1
932 2550 947 2581 †
973 2550 1139 2583 iaculori’i
1174 2550 1209 2589 (i.
1236 2560 1263 2580 e.
1291 2547 1348 2580 vel
1374 2545 1588 2586 iaculorum)
1618 2546 1655 2579 G.

136 2611 336 2643 iaculorum
362 2611 427 2641 ium
451 2610 530 2650 legit
555 2610 767 2650 epitomator.
793 2607 806 2650 Η
830 2610 848 2639 2
869 2607 1144 2639 subactionibus
1165 2607 1199 2637 H
1226 2604 1332 2643 (Lle):
1362 2602 1597 2634 subactiones
1618 2602 1656 2635 G.

138 2666 233 2709 (bac.
252 2678 279 2699 s.
298 2667 341 2707 ef.
367 2666 453 2703 VII,
475 2668 507 2703 3,
530 2668 547 2696 7
564 2667 584 2698 i.
599 2676 627 2698 e.
646 2665 814 2697 vectibus
832 2664 966 2705 ligneis
990 2663 1099 2701 VIII,
1117 2665 1135 2694 7
1151 2662 1270 2701 extra).
1293 2658 1306 2702 ΙΙ
1330 2662 1349 2692 S
1366 2658 1577 2690 infundatur
1596 2682 1626 2688 ..
1649 2685 1655 2691 ,

140 2724 322 2756 coiciatur
337 2724 402 2754 GH
421 2722 589 2761 (—antur
614 2722 710 2762 reu).
744 2720 759 2763 ll
791 2723 810 2753 9
829 2721 964 2762 harene
983 2730 1057 2751 una
1083 2720 1157 2759 (om.
1180 2718 1228 2757 et)
1259 2717 1335 2747 (ill.
1368 2713 1382 2757 Η
1419 2717 1454 2745 11
1472 2714 1583 2755 siqui:
1609 2715 1658 2745 sic

141 2780 217 2811 GH.
247 2777 262 2821 ll
297 2780 335 2810 17
363 2778 452 2809 dura
480 2779 507 2808 [ι’
525 2778 602 2819 (Ᾰ);
630 2777 742 2810 durae
768 2779 804 2808 ΙΙ
832 2776 929 2817 (—re
955 2779 975 2815 l,
1001 2786 1084 2818 —rq
1109 2775 1174 2816 elz).
1207 2772 1220 2815 11
1258 2776 1295 2804 18
1323 2773 1582 2802 instructuram
1613 2770 1656 2801 G:

139 2835 176 2866 in
202 2836 461 2867 instructuram
490 2835 524 2865 ll
550 2833 653 2874 (Llc).
683 2831 697 2875 Η
729 2835 770 2865 26
798 2843 840 2864 ca
866 2831 927 2872 (sc.
955 2831 1065 2873 aqua)
1091 2831 1187 2873 ignis
1214 2831 1282 2860 vim
1311 2838 1387 2867 eqo:
1417 2837 1458 2857 ex
1485 2826 1561 2867 igni
1587 2826 1656 2858 vim

141 2891 176 2922 H
201 2890 304 2931 (Llc),
339 2901 382 2922 ex
414 2891 514 2933 ignu‘l
544 2890 581 2922 G.
612 2887 628 2932 [J
660 2891 702 2922 27
729 2889 988 2930 refrigeratus:
1023 2887 1239 2928 ferrigratus
1267 2889 1342 2915 ante
1368 2894 1459 2917 corr.
1488 2882 1656 2923 (frigera-

141 2946 210 2987 tus)
240 2948 279 2978 G.

1684 1305 1723 1335 15

1684 1644 1725 1673 20
