1909 3322
213 232 239 270 2
864 237 1073 267 VITRUVII

168 350 171 352 “
212 340 485 383 mortalitatis
525 355 621 381 eum
659 339 952 380 dedicavisset
984 346 1024 380 et
1055 340 1283 395 imperium
1313 341 1502 396 parentis
1542 342 1586 382 in
1616 347 1732 383 tuam

147 964 186 992 11⁷)

147 1302 186 1329 123

81 1420 90 1450 l
130 1423 194 1453 (ed,

99 1463 190 1500 soc.)

144 1637 186 1666 20

211 416 467 465 potestatem
498 406 806 461 transtulisset,
837 406 953 448 idem
975 407 1165 448 studium
1187 421 1328 448 meum
1350 408 1394 448 in
1416 409 1507 449 eius
1530 410 1735 450 memoria

211 491 463 532 permanens
503 476 547 516 in
584 482 628 516 te
665 474 845 516 contulit
884 474 1113 519 favorem..
1154 476 1301 531 itaque
1339 490 1435 516 cum
1465 476 1525 517 M.
1557 476 1735 518 Aurelio

212 550 252 584 et
282 545 329 586 P.
360 543 546 583 Minidio
577 549 618 584 ct
650 541 734 584 Gn.
767 542 966 584 Cornelio
1006 543 1062 584 ad
1100 543 1425 599 apparationem
1464 543 1736 585 ballistarum

211 619 252 651 et
292 612 563 666 scorpionum
610 610 958 667 reliquorumque
1003 618 1311 653 tormentorum
1356 611 1635 652 refectionem
1673 612 1736 651 fui

209 684 380 734 praesto
413 685 454 719 et
486 693 583 720 cum
614 679 674 720 eis
706 678 930 720 commoda
959 679 1120 734 accepi.
1184 693 1293 735 quae
1332 693 1428 719 cum
1458 679 1597 735 primo
1627 679 1736 720 mihi

210 746 427 800 tribuisti,
460 746 798 801 recognitionem
820 761 897 802 per
919 747 1075 788 sororis
1099 746 1513 788 commendationem
1536 748 1735 789 servasti.

210 828 306 854 cum
345 828 447 869 ergo
487 828 534 854 eo
573 814 781 855 beneficio
814 827 950 855 essem
982 813 1198 869 obligatus
1209 828 1229 867 ,·
1259 820 1307 855 ut
1337 814 1391 855 ad
1425 814 1588 856 exitum
1619 816 1735 856 vitae
1761 826 1781 852 3

210 896 296 922 non
326 881 529 923 haberem
561 882 731 937 inopiae
762 882 975 935 timorem7
1007 882 1113 922 haec
1143 882 1225 923 tibi
1257 882 1447 923 scribere
1478 884 1599 940 coepi
1622 883 1736 939 quod

211 950 501 990 animadverti
531 948 664 990 multa
694 955 736 989 te
767 948 1069 990 aedificavisse
1101 956 1142 990 et
1163 964 1276 990 nunc
1295 949 1538 1004 aedificare,
1570 949 1735 1007 reliquo

210 1032 378 1073 quoque
409 1024 601 1073 tempore
633 1023 674 1058 et
697 1016 968 1072 publicorum
991 1024 1031 1058 et
1053 1017 1319 1073 privatorum
1341 1017 1636 1060 aedificiorum
1658 1034 1734 1074 pro

209 1084 494 1140 amplitudine
530 1099 672 1126 rerum
702 1091 922 1139 gestarum
958 1090 1005 1125 ut
1035 1085 1219 1141 posteris
1251 1085 1481 1126 memoriae
1511 1086 1737 1127 tradantur

210 1167 353 1193 euram
386 1152 648 1193 habiturum.
710 1152 945 1208 conscripsi
976 1153 1337 1208 praescriptiones
1376 1154 1627 1195 terminatas
1638 1186 1649 1207 7
1688 1162 1734 1195 nt

212 1235 281 1261 eas
313 1220 541 1261 attendens
582 1225 622 1260 et
660 1225 761 1261 ante
799 1220 914 1260 facta
945 1226 987 1260 et
1017 1220 1160 1261 futura
1199 1219 1342 1276 qualia
1383 1221 1469 1261 sint
1499 1236 1629 1278 opera
1660 1236 1736 1278 per

211 1294 254 1328 te
274 1303 422 1344 posses
445 1295 547 1329 nota
568 1287 739 1328 habere.
799 1302 984 1343 namque
1005 1287 1071 1328 his
1094 1287 1386 1329 voluminibus
1415 1289 1566 1345 aperui
1588 1304 1735 1330 omnes

211 1355 466 1412 disciplinae
497 1356 698 1397 rationes.
1334 1404 1343 1409 -

332 1424 574 1464 Architecti
606 1430 669 1465 est
701 1423 882 1463 scientia
911 1422 1106 1478 pluribus
1139 1423 1382 1479 disciplinis
1415 1431 1456 1466 et
1477 1425 1610 1466 variis
1641 1440 1733 1467 eru—

215 1491 453 1532 ditionibus
491 1497 641 1532 ornata
651 1523 661 1543 ,
709 1491 830 1532 cuius
869 1491 1031 1532 iudicio
1068 1490 1305 1546 probantur
1343 1492 1487 1533 onmia
1532 1507 1641 1548 quae
1678 1493 1733 1533 ab

213 1559 367 1600 ceteris
405 1558 570 1600 artibus
612 1559 893 1615 perficiuntur
931 1573 1073 1614 opera.
1135 1573 1183 1599 ea
1219 1560 1412 1601 nascitur
1443 1575 1465 1600 e
1495 1560 1659 1601 fabrica
1691 1568 1732 1602 et

210 1627 550 1668 ratiocinatione.
611 1626 777 1667 fabrica
816 1633 880 1667 est
920 1626 1169 1667 continuata
1205 1641 1255 1667 ac
1286 1628 1389 1668 trita
1418 1642 1520 1669 usus
1553 1629 1733 1670 medita-

208 1695 290 1746 tio7
331 1709 414 1749 qna
452 1694 650 1734 manibus
688 1694 908 1750 perficitur
948 1709 969 1734 e
1000 1695 1181 1735 materia
1220 1696 1525 1752 cuiuscumque
1561 1698 1733 1750 generis

209 1776 315 1817 opus
347 1768 411 1802 est
441 1762 496 1801 ad
527 1764 792 1818 propositum
826 1761 1165 1803 deformationis.
1211 1763 1483 1805 ratiocinatio
1504 1770 1645 1805 autem
1669 1772 1732 1805 est

211 1844 318 1884 quae
349 1844 417 1870 res
447 1829 678 1871 fabricatas
702 1829 905 1883 sollertia7
939 1830 1104 1870 ratione
1125 1830 1415 1885 proportionis
1439 1831 1732 1872 demonstrare

210 1904 336 1952 atquc
386 1897 603 1953 explicare
647 1904 803 1953 potest.
896 1898 1041 1952 itaque
1080 1897 1308 1939 architecti
1341 1900 1413 1954 qui
1444 1900 1536 1940 sinc
1575 1900 1731 1942 litteris

149 1975 171 1991 ³
211 1965 519 2005 contenderant
565 1971 611 2005 ut
648 1964 846 2005 manibus
894 1971 1036 2006 essent
1083 1967 1331 2019 exercitati,
1377 1981 1462 2008 non
1499 1973 1729 2023 potuerunt

211 2031 381 2072 efficere
418 2039 465 2073 nt
504 2032 711 2073 haberent
750 2047 827 2088 pro
865 2031 1086 2073 laboribus
1122 2034 1443 2087 auctoritatem,
1485 2035 1558 2090 qni
1588 2042 1729 2076 autem

304 2240 317 2268 1
351 2237 598 2270 dedicavisset
631 2238 698 2270 GH
735 2236 958 2288 (Ll’JabQ—
998 2241 1119 2270 easset
1149 2238 1218 2281 elz).
1259 2237 1273 2282 Η
1317 2241 1337 2271 4
1374 2239 1545 2272 Minidio:
1582 2245 1631 2273 sic
1664 2242 1730 2273 GH

211 2294 413 2335 (Ll’pblelz).
470 2295 554 2335 fort.
592 2295 756 2326 Minicio.
801 2292 815 2336 Η
857 2295 938 2327 GN:
978 2297 1026 2327 sie
1059 2296 1135 2327 GH.
1168 2294 1182 2338 Η
1221 2296 1485 2337 apparitionem
1519 2298 1549 2331 Ιι.
1592 2295 1606 2340 Η
1651 2298 1728 2329 bal-

211 2350 373 2381 listarum
426 2352 468 2387 G,
521 2350 736 2382 balistarum
778 2351 813 2381 H
859 2348 1075 2393 (LPphlele).
1120 2350 1134 2394 Η
1184 2353 1204 2382 ι’)
1240 2352 1465 2394 scorpionem
1510 2359 1588 2386 ante
1635 2365 1727 2386 corr.

211 2409 366 2458 (-11ἔ111)
396 2419 439 2451 Η.
478 2416 492 2459 Η
526 2419 545 2449 (3
574 2428 651 2449 cnm
679 2418 715 2448 Il
741 2418 830 2458 (ΕΡ,
850 2418 893 2449 esi
909 2419 964 2459 pb,
992 2421 1066 2450 tum
1084 2421 1123 2456 le,
1150 2420 1187 2450 tfi
1208 2417 1265 2460 l2):
1298 2429 1449 2461 cumque
1479 2420 1506 2452 G
1524 2420 1602 2458 (siet
1632 2422 1726 2461 Que-

213 2475 291 2514 csnq,
315 2474 318 2513 Ι
342 2472 369 2515 )
394 2472 408 2515 Η
432 2475 449 2505 7
468 2475 774 2515 recognitionem:
800 2475 849 2505 sic
876 2475 943 2506 GH
960 2474 1043 2514 (scil.
1070 2475 1298 2507 ballistarum
1325 2476 1419 2515 ela).
1450 2474 1464 2518 Η
1498 2478 1538 2508 10
1557 2476 1727 2509 aedifica-

211 2540 317 2572 viss&
342 2546 418 2572 ante
443 2552 514 2574 ras.
542 2542 588 2574 H.
621 2540 634 2584 Η
669 2543 707 2572 12
731 2541 868 2583 poteris
897 2547 975 2573 ante
999 2553 1088 2574 eor-r.
1111 2543 1155 2583 G,
1183 2538 1410 2584 posteriofies
1439 2548 1516 2575 ante
1541 2555 1630 2577 corr.
1658 2547 1679 2576 I.
1705 2544 1721 2588 Η

211 2597 402 2628 tradantur
419 2597 537 2629 Selom
565 2597 796 2629 traderentur
816 2598 890 2631 GJI.
915 2596 929 2640 Η
956 2600 995 2630 13
1012 2598 1338 2641 praescriptiones:
1364 2601 1412 2631 sic
1432 2600 1508 2632 GH.
1533 2598 1548 2642 Η
1578 2602 1617 2631 14
1643 2604 1725 2632 sunt

211 2658 287 2682 (mle
312 2664 401 2686 corr.
430 2654 457 2683 G
482 2658 513 2684 et
538 2664 566 2684 c.
596 2652 610 2695 Η
644 2655 683 2685 17
711 2654 815 2693 (rubr.
842 2655 904 2688 litt,
931 2654 1023 2693 mai).
1054 2655 1109 2685 De
1137 2654 1350 2686 architectis
1376 2656 1627 2689 instituendis.
1650 2658 1725 2688 GH.

224 2706 239 2749 Η
284 2711 323 2740 1⁵5
349 2709 451 2740 cuins
477 2709 610 2740 indicio
629 2710 829 2750 probantur
847 2711 970 2741 onmia
997 2711 1041 2742 G:
1067 2721 1128 2744 om.
1154 2710 1303 2752 (ornata
1319 2737 1326 2745 .
1343 2711 1450 2753 quae)
1476 2713 1513 2743 ll
1539 2711 1725 2754 (LPpreh,

213 2765 284 2793 ilem
311 2766 374 2804 vs).
414 2764 428 2806 Η
470 2767 510 2797 19
537 2776 579 2797 ex
608 2764 726 2805 G(L):
755 2764 783 2796 St
809 2767 844 2796 H
859 2765 970 2806 (PpIc,
999 2769 1033 2797 et
1058 2766 1104 2806 b),
1131 2771 1165 2797 ηί
1189 2777 1292 2808 saepe
1316 2778 1380 2808 pro
1399 2778 1429 2798 a?
1458 2766 1509 2809 (e)
1535 2771 1587 2800 vel
1603 2779 1646 2799 ex
1660 2780 1726 2810 per

212 2821 384 2857 liaesnlm‘am
409 2823 556 2862 seriptis.
589 2819 604 2863 Η
636 2823 678 2853 20
703 2822 948 2853 rationatione
978 2822 1022 2854 ῙΙ.
1056 2820 1070 2864 Η
1101 2823 1141 2853 21
1170 2831 1239 2862 qna
1264 2823 1464 2855 Buttmann:
1491 2833 1585 2864 quae
1606 2825 1683 2856 GH.
1707 2827 1721 2866 Η

214 2875 318 2905 nnius
345 2881 420 2906 {mlv
443 2879 695 2919 cuiuscumque
715 2879 792 2909 add.
815 2878 869 2908 Ge,
895 2875 909 2919 Η
939 2878 980 2908 22
1000 2880 1121 2908 antem
1148 2881 1221 2910 est:
1248 2880 1265 2909 ὖ
1292 2870 1358 2910 ant
1378 2881 1401 2912 l.
1437 2877 1451 2921 Η
1484 2881 1526 2911 23
1545 2880 1723 2921 sollertia,

214 2931 350 2961 rationo
378 2934 619 2972 proportionis
654 2945 729 2974 eqo:
773 2932 959 2964 sollertiae
993 2944 1034 2964 ac
1068 2934 1219 2965 rationis
1251 2936 1481 2977 proportione
1516 2936 1591 2970 GH,

1766 1431 1776 1460 l
1804 1434 1869 1466 (ed.

1760 1479 1872 1511 Sclm.)

1757 1910 1777 1939 10
