1909 3322
235 603 255 633 0⁶1

216 940 255 970 10

286 213 337 252 14
926 220 1135 251 VITRUVII

282 323 420 364 curari
451 323 669 364 videntur.
730 336 827 362 cum
859 322 971 362 enim
1004 336 1058 363 ex
1089 321 1310 378 pestilenti
1339 323 1385 363 in
1416 323 1629 364 salubrem
1660 323 1801 365 locum

282 405 459 447 corpora
479 403 609 443 aegra
630 388 839 430 translata
861 388 1022 430 fuerint
1044 396 1085 430 et
1117 404 1138 430 e
1169 389 1361 431 fontibus
1394 390 1640 432 salubribus
1671 405 1799 446 aqua-

281 472 375 498 rum
405 472 507 498 usus
538 456 1000 510 subministrabuntur,
1034 455 1212 498 celerius
1245 457 1561 499 convalescent.
1620 459 1681 499 ita
1712 458 1802 498 effi-

281 526 416 565 cietur
459 524 524 565 uti
567 538 622 565 ex
658 527 813 565 natura
850 524 933 566 loci
970 525 1153 566 maiores
1193 531 1425 581 auctasque
1464 535 1572 566 cum¹
1591 525 1803 580 dignitate

281 591 487 632 divinitas
533 591 725 648 excipiat
770 593 1007 648 opiniones.
1088 593 1192 634 item
1235 599 1413 634 naturae
1458 593 1586 635 decor
1624 594 1726 646 erit,
1766 593 1801 633 si

281 659 492 700 cubiculis
517 665 558 700 et
583 658 859 701 bibliothecis
882 660 937 701 ab
959 661 1122 702 oriente
1153 660 1313 701 lumina
1345 661 1588 717 capiuntur,
1620 661 1801 703 balineis

280 733 322 768 et
352 726 644 768 hibernaculis
675 727 730 768 ab
762 728 984 769 occidente
1014 728 1215 781 hiberno,
1247 727 1540 784 pinacothecis
1573 734 1615 769 et
1647 728 1802 784 quibus

281 796 409 836 certis
449 794 684 836 luminibus
724 809 829 852 opus
868 801 932 836 est
969 796 1162 851 partibus
1201 810 1226 836 a
1257 796 1568 851 septentrione,
1609 795 1723 852 quod
1755 810 1803 836 ea

281 862 389 903 caeli
434 863 553 917 regio
599 876 738 918 neque
784 862 1028 904 exclaratur
1065 877 1204 919 neque
1243 863 1498 904 obscuratur
1536 862 1637 904 solis
1677 878 1803 904 cursu

281 930 356 971 sed
390 937 454 972 est
486 936 602 971 certa
632 929 900 971 inmutabilis
934 930 1003 971 die
1033 937 1253 987 perpetuo.

393 997 659 1039 Distributio
703 1004 846 1038 autem
888 1005 952 1039 cst
990 999 1211 1054 copiarum
1249 998 1417 1055 locique
1456 998 1677 1053 commoda
1715 998 1833 1041 dis-.

281 1066 476 1123 pensatio
514 1079 729 1122 parcaque
766 1065 808 1105 in
848 1066 1049 1122 operibus
1089 1073 1285 1123 sumptus
1317 1082 1413 1107 cum
1444 1067 1609 1107 ratione
1639 1072 1801 1122 tempe-

280 1135 403 1175 ratio.
472 1133 578 1174 haec
609 1133 670 1173 ita
700 1132 1021 1187 observabitur,
1063 1134 1098 1174 si
1130 1135 1313 1190 primum
1344 1134 1606 1175 architectus
1638 1149 1688 1175 ea
1717 1149 1803 1175 non

282 1206 457 1256 quaeret
494 1214 602 1256 quae
640 1215 725 1241 non
763 1206 964 1257 poterunt
1001 1202 1189 1242 inveniri
1226 1209 1299 1243 aut
1336 1203 1479 1259 parari
1516 1202 1601 1242 nisi
1631 1217 1801 1257 magno.

280 1283 464 1324 namque
501 1283 587 1309 non
625 1267 822 1309 omnibus
861 1268 965 1309 locis
1004 1268 1189 1310 harenae
1220 1270 1422 1311 fossiciae
1452 1284 1531 1310 1100
1563 1276 1802 1311 caemento-

281 1352 374 1378 rum
412 1351 491 1376 nec
529 1336 685 1376 abietis
725 1350 802 1375 nec
847 1337 1121 1392 sappinorum
1161 1352 1241 1378 1100
1284 1339 1509 1379 marmoris
1555 1338 1679 1393 copia
1723 1344 1802 1389 est,

282 1404 357 1444 sed
395 1403 513 1443 aliud
551 1402 635 1443 alio
673 1402 766 1444 loco
796 1405 1225 1460 nascitur,quorum
1257 1405 1615 1461 comportationes
1648 1404 1802 1445 diffici-

282 1471 342 1511 les
388 1478 487 1512 sunt
533 1476 574 1510 et
619 1477 905 1526 sumptuosae.
974 1473 1179 1514 utendum
1218 1480 1359 1514 autem
1399 1479 1463 1514 est
1501 1472 1576 1513 ubi
1614 1487 1699 1513 non
1739 1478 1803 1513 est

283 1538 442 1579 harena
473 1538 668 1590 fossicia,
708 1538 931 1580 fluviatica
960 1546 1033 1580 aut
1073 1541 1240 1580 marina
1276 1540 1384 1593 lota,
1425 1541 1596 1596 inopiae
1635 1554 1804 1595 quoque

281 1606 437 1647 abietis
475 1612 549 1647 aut
587 1606 863 1661 sappinorum
901 1607 1154 1648 vitabuntur
1198 1608 1358 1649 utendo
1404 1622 1607 1663 cupresso
1646 1607 1803 1664 populo

282 1674 397 1714 ulmo
435 1674 559 1729 pinu,
600 1673 850 1729 reliquaque
891 1674 958 1715 his
990 1674 1188 1716 similiter
1219 1682 1342 1716 erunt
1373 1674 1642 1731 explicanda.
1693 1674 1801 1715 alter

282 1740 442 1795 gradus
483 1741 564 1781 erit
595 1741 932 1796 distributionis,
973 1757 1068 1783 cum
1099 1744 1155 1784 ad
1184 1758 1310 1784 usum
1340 1749 1509 1798 patrum
1541 1742 1803 1783 familiarum

282 1815 356 1849 aut
386 1808 441 1848 ad
472 1809 680 1864 pecuniae
713 1810 879 1865 copiam
909 1817 982 1851 aut
1012 1810 1068 1851 ad
1095 1810 1364 1866 eloquentiae
1395 1810 1652 1865 dignitatem
1683 1810 1802 1850 aedi-

282 1876 380 1915 ficia
399 1875 525 1916 aliter
556 1875 853 1931 disponentur.
914 1892 1096 1934 namque
1127 1878 1252 1918 aliter
1282 1878 1467 1919 urbanas
1500 1879 1648 1919 domos
1681 1893 1804 1935 opor-

240 1956 253 1973 Γ
285 1949 376 1983 tere
407 1943 611 1984 constitui
643 1944 837 1998 videtur,
869 1945 994 1985 aliter
1025 1945 1181 2001 quibus
1214 1960 1268 1985 ex
1299 1946 1643 2001 possessionibus
1675 1947 1803 1986 rusti-

283 2102 359 2123 rum
382 2092 385 2132 Ι
410 2093 436 2124 G
452 2091 528 2132 (secl
543 2101 559 2123 ’1
579 2103 596 2123 0
615 2093 636 2123 i.
656 2103 684 2123 e.
703 2095 738 2124 et
753 2103 771 2124 0
790 2098 867 2125 ante
883 2094 946 2125 orsi
961 2096 994 2125 in
1008 2104 1078 2126 ras.
1101 2094 1154 2134 Gr,
1171 2094 1255 2134 fort.
1273 2105 1339 2135 pro
1355 2094 1438 2126 corfi
1454 2096 1475 2128 ἱ.
1492 2105 1521 2127 e.
1537 2104 1695 2136 quorum,
1715 2096 1806 2137 qnod

284 2150 510 2190 subscripserit
540 2150 748 2189 corrector),
782 2149 811 2180 St
837 2161 959 2181 eorum
992 2149 1102 2182 deoru
1138 2161 1286 2192 quorum
1319 2151 1355 2181 H
1386 2151 1466 2192 (Pp,
1495 2154 1671 2182 eteorum
1706 2151 1738 2183 d.
1768 2162 1802 2193 q.

284 2205 395 2246 the),
424 2203 438 2246 Η
473 2207 487 2235 1
508 2204 704 2246 pentilenti
724 2206 770 2238 H.
788 2203 802 2248 Η
820 2207 923 2237 sabi-s·
941 2211 1019 2238 ante
1036 2218 1124 2238 corr.
1148 2207 1184 2238 G.
1218 2205 1233 2249 Η
1265 2207 1481 2248 {opinionis
1506 2212 1584 2239 ante
1602 2219 1691 2239 corr.
1712 2209 1759 2241 Il.
1781 2207 1796 2249 Η

284 2266 360 2291 (mle
387 2262 472 2292 item
498 2262 560 2294 lilt.
586 2263 661 2292 mai.
688 2262 824 2293 rubrica
854 2263 887 2293 1⁶71.
922 2262 999 2295 GH.
1031 2273 1105 2294 1111.
1138 2263 1193 2294 De
1226 2263 1328 2294 ostiis
1361 2263 1492 2304 (——teis
1523 2269 1601 2295 [mle
1632 2274 1722 2297 corr.
1751 2264 1802 2304 H)

285 2339 431 2370 operum
451 2331 487 2359 et
504 2328 717 2360 balneorum
741 2321 903 2371 (—{irum
933 2331 992 2371 HC,
1021 2341 1165 2362 —arum
1188 2330 1230 2371 L)
1251 2334 1286 2362 et
1303 2331 1486 2363 fenestris.
1516 2329 1530 2373 Η
1558 2332 1577 2362 6
1596 2332 1802 2372 bybhothe—

285 2396 336 2416 cis
364 2383 535 2427 ll(Ll).11
555 2385 764 2426 capiuntur:
792 2387 840 2417 xie
862 2386 936 2417 GH.
971 2385 985 2428 Η
1018 2386 1160 2418 balneis
1179 2387 1254 2419 GH.
1288 2384 1304 2429 Η
1334 2388 1354 2418 8
1380 2388 1620 2429 septentriore
1643 2387 1679 2418 G.
1713 2385 1727 2429 Η
1761 2389 1802 2419 10

285 2444 399 2472 certa:
429 2443 509 2472 arta
536 2441 563 2472 G
589 2440 665 2482 (sed
687 2453 792 2483 supra
818 2447 919 2473 certa
947 2442 1014 2482 GC).
1053 2441 1067 2484 Η
1110 2444 1146 2473 11
1174 2448 1251 2474 (mcc
1277 2443 1486 2474 distributio
1517 2444 1610 2477 rubr.
1635 2445 1700 2475 litt.
1725 2444 1800 2474 mai.

284 2499 326 2529 V.
354 2498 407 2528 De
428 2497 667 2538 qualitatibus
693 2498 851 2529 locorum
880 2502 915 2529 et
942 2499 1054 2540 copiis
1081 2509 1239 2540 operum.
1263 2499 1337 2530 GH.
1370 2497 1385 2541 Η
1418 2501 1458 2531 12
1477 2502 1582 2540 parta
1607 2504 1684 2531 (mle
1710 2510 1800 2530 corr.

286 2554 312 2583 G
339 2554 388 2594 (l).
413 2552 427 2596 Η
453 2557 613 2595 sumptus
639 2555 782 2586 ratione
811 2555 878 2586 GH
914 2555 1007 2593 (cum
1033 2557 1111 2586 add.
1143 2566 1212 2586 rec.
1246 2560 1278 2586 el
1303 2555 1384 2596 ed).
1424 2553 1438 2598 Η
1479 2558 1519 2587 14
1550 2558 1722 2597 poterunt
1756 2556 1799 2586 G:

284 2613 479 2651 potuerunt
505 2611 541 2641 H
567 2610 670 2651 (Lle).
688 2609 702 2653 Η
720 2611 839 2652 parati
866 2617 942 2642 ante
967 2622 1055 2643 corr.
1085 2611 1123 2644 G.
1152 2609 1166 2653 Η
1199 2611 1239 2642 16
1266 2618 1432 2653 copilllla
1449 2623 1517 2643 cum
1535 2623 1602 2643 ras.
1632 2612 1669 2642 G.
1704 2609 1718 2652 Η
1758 2612 1798 2642 19

284 2690 361 2720 lota
386 2690 422 2720 H
448 2688 584 2730 (Pphle)
612 2694 643 2720 et
669 2695 745 2721 (mle
771 2700 861 2721 corr.
891 2691 934 2721 G:
962 2690 1043 2721 loca
1070 2672 1177 2731 (loga)
1205 2690 1249 2720 Ge
1267 2695 1298 2721 et
1317 2691 1357 2725 L,
1391 2689 1406 2733 Η
1437 2690 1637 2731 ‘21reliqua
1656 2700 1724 2730 que
1744 2690 1800 2721 his

287 2746 321 2776 ll
347 2746 538 2787 (reliquaq)
568 2746 621 2777 his
647 2745 742 2785 Lle):
774 2746 951 2787 reliquaq3
978 2755 1046 2788 que}
1072 2746 1127 2777 his
1156 2746 1192 2777 G.
1226 2743 1240 2787 Η
1278 2748 1319 2778 23
1346 2750 1409 2778 aut
1434 2746 1478 2777 ad
1506 2757 1538 2787 p.
1565 2746 1657 2777 dost:
1691 2749 1727 2776 et
1753 2746 1799 2777 ad

286 2812 317 2842 p.
348 2803 423 2833 (ill.
449 2800 464 2845 Η
501 2804 543 2834 ’24
569 2801 674 2847 aliter
700 2801 824 2843 (disp.)
855 2803 896 2833 L:
925 2802 997 2833 alte
1026 2801 1137 2843 (altae
1157 2807 1234 2833 ante
1264 2813 1331 2836 ras:
1359 2801 1408 2842 H)
1438 2803 1504 2833 GH
1530 2802 1564 2841 (l,
1591 2802 1664 2843 alte
1692 2802 1756 2841 ch).
1780 2798 1795 2843 Η

287 2858 442 2889 urbanos
463 2860 498 2891 G.
519 2856 534 2900 Η
551 2860 593 2890 ⁶25
610 2858 919 2899 possessionibus:
940 2859 1234 2900 oppressirmibus
1255 2858 1290 2899 (Ι)
1305 2859 1344 2889 ele
1362 2858 1576 2900 (oppslonibz
1594 2870 1620 2890 (κ
1641 2858 1798 2900 ορῇεειο-

288 2913 391 2944 lubus
417 2915 446 2952 Ie,
472 2916 534 2946 sed
557 2916 593 2945 hs
613 2916 643 2945 in
669 2925 772 2955 marg).
799 2915 977 2956 posssnb3).
