<?xml version="1.0" encoding="UTF-8"?>
<!DOCTYPE html PUBLIC "-//W3C//DTD XHTML 1.0 Transitional//EN"
    "http://www.w3.org/TR/xhtml1/DTD/xhtml1-transitional.dtd">
<html xmlns="http://www.w3.org/1999/xhtml" xml:lang="en" lang="en">
 <head>
  <title>
</title>
<meta http-equiv="Content-Type" content="text/html;charset=utf-8" />
  <meta name='ocr-system' content='tesseract 3.04.00' />
  <meta name='ocr-capabilities' content='ocr_page ocr_carea ocr_par ocr_line ocrx_word'/>
</head>
<body>
  <div class='ocr_page' id='page_1' title='image "./dearchitecturali00vitruoft_0215.png"; bbox 0 0 1899 3322; ppageno 0'>
   <div class='ocr_carea' id='block_1_1' title="bbox 103 1583 141 1612">
    <p class='ocr_par' dir='ltr' id='par_1_1' title="bbox 103 1583 141 1612">
     <span class='ocr_line' id='line_1_1' title="bbox 103 1583 141 1612; baseline 0 0"><span class='ocrx_word' id='word_1_1' title='bbox 103 1583 141 1612; x_wconf 80' lang='lat' dir='ltr'>lo</span> 
     </span>
    </p>
   </div>
   <div class='ocr_carea' id='block_1_2' title="bbox 584 237 1689 278">
    <p class='ocr_par' dir='ltr' id='par_1_2' title="bbox 584 237 1689 278">
     <span class='ocr_line' id='line_1_2' title="bbox 584 237 1689 278; baseline 0.004 -4"><span class='ocrx_word' id='word_1_2' title='bbox 584 243 645 274; x_wconf 84' lang='lat' dir='ltr'>DE</span> <span class='ocrx_word' id='word_1_3' title='bbox 677 237 1030 274; x_wconf 69' lang='lat' dir='ltr'><strong>ARCHITECTURA</strong></span> <span class='ocrx_word' id='word_1_4' title='bbox 1066 247 1155 276; x_wconf 62' lang='grc' dir='ltr'>[ΑΒ.</span> <span class='ocrx_word' id='word_1_5' title='bbox 1179 247 1277 276; x_wconf 79' lang='lat' dir='ltr'>vm.</span> <span class='ocrx_word' id='word_1_6' title='bbox 1612 238 1689 278; x_wconf 82' lang='grc'>197</span> 
     </span>
    </p>
   </div>
   <div class='ocr_carea' id='block_1_3' title="bbox 166 344 1690 1558">
    <p class='ocr_par' dir='ltr' id='par_1_3' title="bbox 167 344 1690 660">
     <span class='ocr_line' id='line_1_3' title="bbox 170 344 1690 407; baseline 0.003 -20"><span class='ocrx_word' id='word_1_7' title='bbox 170 347 243 403; x_wconf 90' lang='lat' dir='ltr'>qui</span> <span class='ocrx_word' id='word_1_8' title='bbox 267 352 331 388; x_wconf 88' lang='lat' dir='ltr'>est</span> <span class='ocrx_word' id='word_1_9' title='bbox 351 346 406 387; x_wconf 93' lang='lat' dir='ltr'>ab</span> <span class='ocrx_word' id='word_1_10' title='bbox 429 347 538 388; x_wconf 90' lang='lat' dir='ltr'>ostio</span> <span class='ocrx_word' id='word_1_11' title='bbox 558 345 614 387; x_wconf 88' lang='lat' dir='ltr'>ad</span> <span class='ocrx_word' id='word_1_12' title='bbox 643 344 763 386; x_wconf 87' lang='lat' dir='ltr'>milia</span> <span class='ocrx_word' id='word_1_13' title='bbox 784 356 895 398; x_wconf 78' lang='lat' dir='ltr'>CLX,</span> <span class='ocrx_word' id='word_1_14' title='bbox 927 345 1192 389; x_wconf 82' lang='lat' dir='ltr'>admiscetur</span> <span class='ocrx_word' id='word_1_15' title='bbox 1211 349 1250 389; x_wconf 89' lang='lat' dir='ltr'>ei</span> <span class='ocrx_word' id='word_1_16' title='bbox 1275 348 1507 391; x_wconf 76' lang='lat' dir='ltr'>fonticulus</span> <span class='ocrx_word' id='word_1_17' title='bbox 1531 349 1690 407; x_wconf 83' lang='lat' dir='ltr'>oppido</span> 
     </span>
     <span class='ocr_line' id='line_1_4' title="bbox 170 413 1689 473; baseline 0.002 -18"><span class='ocrx_word' id='word_1_18' title='bbox 170 429 298 471; x_wconf 90' lang='lat' dir='ltr'>quam</span> <span class='ocrx_word' id='word_1_19' title='bbox 328 413 550 470; x_wconf 88' lang='lat' dir='ltr'>parvulus.</span> <span class='ocrx_word' id='word_1_20' title='bbox 602 413 637 454; x_wconf 87' lang='lat' dir='ltr'>is</span> <span class='ocrx_word' id='word_1_21' title='bbox 670 428 767 454; x_wconf 84' lang='lat' dir='ltr'>cum</span> <span class='ocrx_word' id='word_1_22' title='bbox 788 414 833 454; x_wconf 92' lang='lat' dir='ltr'>in</span> <span class='ocrx_word' id='word_1_23' title='bbox 855 428 951 454; x_wconf 92' lang='lat' dir='ltr'>eum</span> <span class='ocrx_word' id='word_1_24' title='bbox 972 413 1137 468; x_wconf 78' lang='lat' dir='ltr'>influit,</span> <span class='ocrx_word' id='word_1_25' title='bbox 1169 422 1268 456; x_wconf 91' lang='lat' dir='ltr'>tunc</span> <span class='ocrx_word' id='word_1_26' title='bbox 1292 422 1456 457; x_wconf 85' lang='lat' dir='ltr'>tantam</span> <span class='ocrx_word' id='word_1_27' title='bbox 1477 418 1689 473; x_wconf 84' lang='lat' dir='ltr'>magnitu-</span> 
     </span>
     <span class='ocr_line' id='line_1_5' title="bbox 169 481 1690 540; baseline 0.003 -18"><span class='ocrx_word' id='word_1_28' title='bbox 169 482 315 523; x_wconf 84' lang='lat' dir='ltr'>dinem</span> <span class='ocrx_word' id='word_1_29' title='bbox 345 481 534 523; x_wconf 88' lang='lat' dir='ltr'>fiuminis</span> <span class='ocrx_word' id='word_1_30' title='bbox 566 481 671 523; x_wconf 88' lang='lat' dir='ltr'>facit</span> <span class='ocrx_word' id='word_1_31' title='bbox 700 496 912 534; x_wconf 88' lang='lat' dir='ltr'>amaram,</span> <span class='ocrx_word' id='word_1_32' title='bbox 945 481 1042 522; x_wconf 92' lang='lat' dir='ltr'>ideo</span> <span class='ocrx_word' id='word_1_33' title='bbox 1066 482 1180 538; x_wconf 91' lang='lat' dir='ltr'>quod</span> <span class='ocrx_word' id='word_1_34' title='bbox 1211 498 1286 540; x_wconf 88' lang='lat' dir='ltr'>per</span> <span class='ocrx_word' id='word_1_35' title='bbox 1308 484 1353 524; x_wconf 88' lang='lat' dir='ltr'>id</span> <span class='ocrx_word' id='word_1_36' title='bbox 1381 499 1518 539; x_wconf 83' lang='lat' dir='ltr'>genus</span> <span class='ocrx_word' id='word_1_37' title='bbox 1550 492 1690 526; x_wconf 85' lang='lat' dir='ltr'>terrae</span> 
     </span>
     <span class='ocr_line' id='line_1_6' title="bbox 168 548 1689 609; baseline 0.002 -18"><span class='ocrx_word' id='word_1_38' title='bbox 168 556 209 592; x_wconf 87' lang='lat' dir='ltr'>et</span> <span class='ocrx_word' id='word_1_39' title='bbox 239 564 372 591; x_wconf 86' lang='lat' dir='ltr'>venas</span> <span class='ocrx_word' id='word_1_40' title='bbox 402 549 518 591; x_wconf 88' lang='lat' dir='ltr'>unde</span> <span class='ocrx_word' id='word_1_41' title='bbox 548 549 829 590; x_wconf 80' lang='lat' dir='ltr'>sandaracam</span> <span class='ocrx_word' id='word_1_42' title='bbox 859 548 1031 591; x_wconf 89' lang='lat' dir='ltr'>fodiunt</span> <span class='ocrx_word' id='word_1_43' title='bbox 1063 564 1112 590; x_wconf 90' lang='lat' dir='ltr'>ea</span> <span class='ocrx_word' id='word_1_44' title='bbox 1132 565 1245 606; x_wconf 89' lang='lat' dir='ltr'>aqua</span> <span class='ocrx_word' id='word_1_45' title='bbox 1275 552 1489 594; x_wconf 89' lang='lat' dir='ltr'>manando</span> <span class='ocrx_word' id='word_1_46' title='bbox 1522 554 1689 609; x_wconf 91' lang='lat' dir='ltr'>perfici-</span> 
     </span>
     <span class='ocr_line' id='line_1_7' title="bbox 167 624 426 660; baseline -0.008 0"><span class='ocrx_word' id='word_1_47' title='bbox 167 624 238 660; x_wconf 92' lang='lat' dir='ltr'>tur</span> <span class='ocrx_word' id='word_1_48' title='bbox 269 632 426 659; x_wconf 88' lang='lat' dir='ltr'>amara.</span> 
     </span>
    </p>

    <p class='ocr_par' dir='ltr' id='par_1_4' title="bbox 166 684 1690 1558">
     <span class='ocr_line' id='line_1_8' title="bbox 280 684 1690 744; baseline 0.003 -18"><span class='ocrx_word' id='word_1_49' title='bbox 280 684 401 726; x_wconf 90' lang='lat' dir='ltr'>Haec</span> <span class='ocrx_word' id='word_1_50' title='bbox 438 690 582 726; x_wconf 88' lang='lat' dir='ltr'>autem</span> <span class='ocrx_word' id='word_1_51' title='bbox 613 684 899 726; x_wconf 83' lang='lat' dir='ltr'>dissimilibus</span> <span class='ocrx_word' id='word_1_52' title='bbox 931 685 1157 742; x_wconf 89' lang='lat' dir='ltr'>saporibus</span> <span class='ocrx_word' id='word_1_53' title='bbox 1188 701 1213 726; x_wconf 90' lang='lat' dir='ltr'>a</span> <span class='ocrx_word' id='word_1_54' title='bbox 1251 693 1391 727; x_wconf 88' lang='lat' dir='ltr'>terrae</span> <span class='ocrx_word' id='word_1_55' title='bbox 1427 689 1690 744; x_wconf 83' lang='lat' dir='ltr'>proprietate</span> 
     </span>
     <span class='ocr_line' id='line_1_9' title="bbox 168 752 1688 810; baseline 0.001 -15"><span class='ocrx_word' id='word_1_56' title='bbox 168 754 473 810; x_wconf 86' lang='lat' dir='ltr'>perficiuntur,</span> <span class='ocrx_word' id='word_1_57' title='bbox 505 754 568 794; x_wconf 88' lang='lat' dir='ltr'>uti</span> <span class='ocrx_word' id='word_1_58' title='bbox 591 754 719 794; x_wconf 84' lang='lat' dir='ltr'>etiam</span> <span class='ocrx_word' id='word_1_59' title='bbox 750 754 795 795; x_wconf 91' lang='lat' dir='ltr'>in</span> <span class='ocrx_word' id='word_1_60' title='bbox 825 752 1041 794; x_wconf 87' lang='lat' dir='ltr'>fructibus</span> <span class='ocrx_word' id='word_1_61' title='bbox 1065 753 1255 795; x_wconf 84' lang='lat' dir='ltr'>videtur.</span> <span class='ocrx_word' id='word_1_62' title='bbox 1317 756 1353 795; x_wconf 91' lang='lat' dir='ltr'>si</span> <span class='ocrx_word' id='word_1_63' title='bbox 1385 756 1498 796; x_wconf 91' lang='lat' dir='ltr'>enim</span> <span class='ocrx_word' id='word_1_64' title='bbox 1520 756 1688 797; x_wconf 85' lang='lat' dir='ltr'>radices</span> 
     </span>
     <span class='ocr_line' id='line_1_10' title="bbox 166 820 1689 877; baseline 0.001 -15"><span class='ocrx_word' id='word_1_65' title='bbox 166 822 368 863; x_wconf 90' lang='lat' dir='ltr'>arborum</span> <span class='ocrx_word' id='word_1_66' title='bbox 398 826 474 862; x_wconf 89' lang='lat' dir='ltr'>aut</span> <span class='ocrx_word' id='word_1_67' title='bbox 503 821 661 862; x_wconf 77' lang='lat' dir='ltr'>vitium</span> <span class='ocrx_word' id='word_1_68' title='bbox 691 827 766 862; x_wconf 90' lang='lat' dir='ltr'>aut</span> <span class='ocrx_word' id='word_1_69' title='bbox 803 820 1066 877; x_wconf 87' lang='lat' dir='ltr'>reliquorum</span> <span class='ocrx_word' id='word_1_70' title='bbox 1097 823 1311 863; x_wconf 85' lang='lat' dir='ltr'>seminum</span> <span class='ocrx_word' id='word_1_71' title='bbox 1341 838 1427 864; x_wconf 92' lang='lat' dir='ltr'>non</span> <span class='ocrx_word' id='word_1_72' title='bbox 1459 838 1513 864; x_wconf 81' lang='lat' dir='ltr'>ex</span> <span class='ocrx_word' id='word_1_73' title='bbox 1550 830 1689 865; x_wconf 81' lang='lat' dir='ltr'>terrae</span> 
     </span>
     <span class='ocr_line' id='line_1_11' title="bbox 167 888 1689 946; baseline 0.001 -15"><span class='ocrx_word' id='word_1_74' title='bbox 167 888 505 946; x_wconf 84' lang='lat' dir='ltr'>proprietatibus</span> <span class='ocrx_word' id='word_1_75' title='bbox 537 903 687 930; x_wconf 85' lang='lat' dir='ltr'>sucum</span> <span class='ocrx_word' id='word_1_76' title='bbox 725 889 935 945; x_wconf 87' lang='lat' dir='ltr'>capiendo</span> <span class='ocrx_word' id='word_1_77' title='bbox 975 888 1150 929; x_wconf 77' lang='lat' dir='ltr'>ederent</span> <span class='ocrx_word' id='word_1_78' title='bbox 1187 889 1376 942; x_wconf 86' lang='lat' dir='ltr'>fructus,</span> <span class='ocrx_word' id='word_1_79' title='bbox 1416 905 1500 931; x_wconf 88' lang='lat' dir='ltr'>uno</span> <span class='ocrx_word' id='word_1_80' title='bbox 1531 906 1689 946; x_wconf 84' lang='lat' dir='ltr'>genere</span> 
     </span>
     <span class='ocr_line' id='line_1_12' title="bbox 168 955 1689 1014; baseline 0.001 -15"><span class='ocrx_word' id='word_1_81' title='bbox 168 964 311 999; x_wconf 80' lang='lat' dir='ltr'>essent</span> <span class='ocrx_word' id='word_1_82' title='bbox 343 958 388 998; x_wconf 88' lang='lat' dir='ltr'>in</span> <span class='ocrx_word' id='word_1_83' title='bbox 420 956 617 998; x_wconf 87' lang='lat' dir='ltr'>omnibus</span> <span class='ocrx_word' id='word_1_84' title='bbox 649 955 752 997; x_wconf 88' lang='lat' dir='ltr'>locis</span> <span class='ocrx_word' id='word_1_85' title='bbox 787 956 1108 1011; x_wconf 53' lang='lat' dir='ltr'>etsregionibus</span> <span class='ocrx_word' id='word_1_86' title='bbox 1141 957 1331 998; x_wconf 90' lang='lat' dir='ltr'>omnium</span> <span class='ocrx_word' id='word_1_87' title='bbox 1364 972 1552 1014; x_wconf 87' lang='lat' dir='ltr'>sapores.</span> <span class='ocrx_word' id='word_1_88' title='bbox 1613 960 1689 1000; x_wconf 87' lang='lat' dir='ltr'>sed</span> 
     </span>
     <span class='ocr_line' id='line_1_13' title="bbox 167 1023 1689 1082; baseline 0 -15"><span class='ocrx_word' id='word_1_89' title='bbox 167 1024 554 1067; x_wconf 72' lang='lat' dir='ltr'>animadvertimus</span> <span class='ocrx_word' id='word_1_90' title='bbox 602 1023 743 1065; x_wconf 86' lang='lat' dir='ltr'>insula</span> <span class='ocrx_word' id='word_1_91' title='bbox 787 1024 930 1065; x_wconf 80' lang='lat' dir='ltr'>Lesbo</span> <span class='ocrx_word' id='word_1_92' title='bbox 976 1025 1125 1065; x_wconf 72' lang='lat' dir='ltr'>vinum</span> <span class='ocrx_word' id='word_1_93' title='bbox 1172 1031 1442 1082; x_wconf 78' lang='lat' dir='ltr'>protropum,</span> <span class='ocrx_word' id='word_1_94' title='bbox 1491 1027 1689 1067; x_wconf 87' lang='lat' dir='ltr'>Maeonia</span> 
     </span>
     <span class='ocr_line' id='line_1_14' title="bbox 167 1091 1688 1149; baseline -0.001 -13"><span class='ocrx_word' id='word_1_95' title='bbox 167 1093 602 1145; x_wconf 85' lang='lat' dir='ltr'>catacecaumeniten,</span> <span class='ocrx_word' id='word_1_96' title='bbox 626 1091 769 1149; x_wconf 86' lang='lat' dir='ltr'>Lydia</span> <span class='ocrx_word' id='word_1_97' title='bbox 790 1091 1021 1145; x_wconf 79' lang='lat' dir='ltr'>Tmoliten,</span> <span class='ocrx_word' id='word_1_98' title='bbox 1047 1091 1197 1134; x_wconf 84' lang='lat' dir='ltr'>Sicilia</span> <span class='ocrx_word' id='word_1_99' title='bbox 1218 1092 1538 1146; x_wconf 85' lang='lat' dir='ltr'>Mamertinum,</span> <span class='ocrx_word' id='word_1_100' title='bbox 1564 1094 1688 1135; x_wconf 80' lang='lat' dir='ltr'>Cam—</span> 
     </span>
     <span class='ocr_line' id='line_1_15' title="bbox 167 1159 1687 1219; baseline -0.001 -16"><span class='ocrx_word' id='word_1_101' title='bbox 167 1163 294 1219; x_wconf 88' lang='lat' dir='ltr'>pania</span> <span class='ocrx_word' id='word_1_102' title='bbox 325 1160 578 1213; x_wconf 76' lang='lat' dir='ltr'>Falernum,</span> <span class='ocrx_word' id='word_1_103' title='bbox 612 1161 725 1201; x_wconf 89' lang='lat' dir='ltr'>inter</span> <span class='ocrx_word' id='word_1_104' title='bbox 745 1159 1026 1200; x_wconf 83' lang='lat' dir='ltr'>Terracinam</span> <span class='ocrx_word' id='word_1_105' title='bbox 1049 1166 1089 1200; x_wconf 89' lang='lat' dir='ltr'>et</span> <span class='ocrx_word' id='word_1_106' title='bbox 1121 1159 1298 1201; x_wconf 86' lang='lat' dir='ltr'>Fundos</span> <span class='ocrx_word' id='word_1_107' title='bbox 1323 1161 1568 1202; x_wconf 82' lang='lat' dir='ltr'>Caecubum</span> <span class='ocrx_word' id='word_1_108' title='bbox 1591 1161 1687 1203; x_wconf 87' lang='lat' dir='ltr'>reli-</span> 
     </span>
     <span class='ocr_line' id='line_1_16' title="bbox 167 1226 1688 1286; baseline -0.001 -16"><span class='ocrx_word' id='word_1_109' title='bbox 167 1231 347 1286; x_wconf 83' lang='lat' dir='ltr'>quisque</span> <span class='ocrx_word' id='word_1_110' title='bbox 384 1227 490 1270; x_wconf 89' lang='lat' dir='ltr'>locis</span> <span class='ocrx_word' id='word_1_111' title='bbox 522 1227 719 1285; x_wconf 88' lang='lat' dir='ltr'>pluribus</span> <span class='ocrx_word' id='word_1_112' title='bbox 760 1226 1067 1268; x_wconf 80' lang='lat' dir='ltr'>innumerabili</span> <span class='ocrx_word' id='word_1_113' title='bbox 1098 1227 1377 1269; x_wconf 87' lang='lat' dir='ltr'>multitudine</span> <span class='ocrx_word' id='word_1_114' title='bbox 1407 1243 1563 1284; x_wconf 83' lang='lat' dir='ltr'>genera</span> <span class='ocrx_word' id='word_1_115' title='bbox 1597 1230 1688 1269; x_wconf 81' lang='lat' dir='ltr'>vini</span> 
     </span>
     <span class='ocr_line' id='line_1_17' title="bbox 167 1294 1688 1353; baseline 0.001 -16"><span class='ocrx_word' id='word_1_116' title='bbox 167 1299 435 1353; x_wconf 78' lang='lat' dir='ltr'>virtutesque</span> <span class='ocrx_word' id='word_1_117' title='bbox 467 1296 706 1353; x_wconf 84' lang='lat' dir='ltr'>procreari,</span> <span class='ocrx_word' id='word_1_118' title='bbox 739 1309 847 1350; x_wconf 87' lang='lat' dir='ltr'>quae</span> <span class='ocrx_word' id='word_1_119' title='bbox 869 1310 954 1336; x_wconf 88' lang='lat' dir='ltr'>non</span> <span class='ocrx_word' id='word_1_120' title='bbox 982 1294 1109 1336; x_wconf 85' lang='lat' dir='ltr'>aliter</span> <span class='ocrx_word' id='word_1_121' title='bbox 1136 1303 1315 1351; x_wconf 84' lang='lat' dir='ltr'>possunt</span> <span class='ocrx_word' id='word_1_122' title='bbox 1346 1296 1439 1337; x_wconf 88' lang='lat' dir='ltr'>fieri</span> <span class='ocrx_word' id='word_1_123' title='bbox 1470 1298 1555 1338; x_wconf 91' lang='lat' dir='ltr'>nisi</span> <span class='ocrx_word' id='word_1_124' title='bbox 1594 1312 1688 1338; x_wconf 88' lang='lat' dir='ltr'>cum</span> 
     </span>
     <span class='ocr_line' id='line_1_18' title="bbox 167 1361 1688 1419; baseline -0.001 -13"><span class='ocrx_word' id='word_1_125' title='bbox 167 1373 362 1407; x_wconf 87' lang='lat' dir='ltr'>terrenus</span> <span class='ocrx_word' id='word_1_126' title='bbox 402 1379 525 1405; x_wconf 90' lang='lat' dir='ltr'>umor</span> <span class='ocrx_word' id='word_1_127' title='bbox 564 1364 652 1404; x_wconf 89' lang='lat' dir='ltr'>suis</span> <span class='ocrx_word' id='word_1_128' title='bbox 697 1361 1038 1419; x_wconf 85' lang='lat' dir='ltr'>proprietatibus</span> <span class='ocrx_word' id='word_1_129' title='bbox 1078 1363 1243 1419; x_wconf 87' lang='lat' dir='ltr'>saporis</span> <span class='ocrx_word' id='word_1_130' title='bbox 1282 1364 1327 1403; x_wconf 93' lang='lat' dir='ltr'>in</span> <span class='ocrx_word' id='word_1_131' title='bbox 1364 1363 1586 1406; x_wconf 85' lang='lat' dir='ltr'>radicibus</span> <span class='ocrx_word' id='word_1_132' title='bbox 1626 1366 1688 1405; x_wconf 81' lang='lat' dir='ltr'>sic</span> 
     </span>
     <span class='ocr_line' id='line_1_19' title="bbox 167 1430 1689 1486; baseline -0.001 -12"><span class='ocrx_word' id='word_1_133' title='bbox 167 1433 336 1474; x_wconf 87' lang='lat' dir='ltr'>infusus</span> <span class='ocrx_word' id='word_1_134' title='bbox 369 1432 529 1473; x_wconf 82' lang='lat' dir='ltr'>enutrit</span> <span class='ocrx_word' id='word_1_135' title='bbox 567 1431 812 1483; x_wconf 82' lang='lat' dir='ltr'>materiam,</span> <span class='ocrx_word' id='word_1_136' title='bbox 851 1444 928 1486; x_wconf 86' lang='lat' dir='ltr'>per</span> <span class='ocrx_word' id='word_1_137' title='bbox 965 1444 1093 1486; x_wconf 87' lang='lat' dir='ltr'>quam</span> <span class='ocrx_word' id='word_1_138' title='bbox 1125 1430 1351 1485; x_wconf 82' lang='lat' dir='ltr'>egrediens</span> <span class='ocrx_word' id='word_1_139' title='bbox 1388 1431 1443 1472; x_wconf 90' lang='lat' dir='ltr'>ad</span> <span class='ocrx_word' id='word_1_140' title='bbox 1485 1447 1689 1472; x_wconf 83' lang='lat' dir='ltr'>cacumen</span> 
     </span>
     <span class='ocr_line' id='line_1_20' title="bbox 167 1497 1687 1558; baseline -0.001 -16"><span class='ocrx_word' id='word_1_141' title='bbox 167 1499 400 1558; x_wconf 87' lang='lat' dir='ltr'>profundat</span> <span class='ocrx_word' id='word_1_142' title='bbox 450 1500 672 1556; x_wconf 84' lang='lat' dir='ltr'>proprium</span> <span class='ocrx_word' id='word_1_143' title='bbox 718 1497 799 1539; x_wconf 88' lang='lat' dir='ltr'>loci</span> <span class='ocrx_word' id='word_1_144' title='bbox 845 1504 886 1538; x_wconf 89' lang='lat' dir='ltr'>et</span> <span class='ocrx_word' id='word_1_145' title='bbox 930 1498 1101 1552; x_wconf 86' lang='lat' dir='ltr'>generis</span> <span class='ocrx_word' id='word_1_146' title='bbox 1148 1499 1214 1539; x_wconf 91' lang='lat' dir='ltr'>sui</span> <span class='ocrx_word' id='word_1_147' title='bbox 1263 1498 1429 1540; x_wconf 82' lang='lat' dir='ltr'>fructus</span> <span class='ocrx_word' id='word_1_148' title='bbox 1476 1514 1687 1556; x_wconf 85' lang='lat' dir='ltr'>saporem.</span> 
     </span>
    </p>
   </div>
   <div class='ocr_carea' id='block_1_4' title="bbox 123 1565 1720 1690">
    <p class='ocr_par' dir='ltr' id='par_1_5' title="bbox 123 1565 1720 1690">
     <span class='ocr_line' id='line_1_21' title="bbox 123 1565 1687 1626; baseline -0.002 -16"><span class='ocrx_word' id='word_1_149' title='bbox 123 1583 140 1594; x_wconf 69' lang='lat'><strong>⁰</strong></span> <span class='ocrx_word' id='word_1_150' title='bbox 167 1568 283 1626; x_wconf 88' lang='lat' dir='ltr'>quod</span> <span class='ocrx_word' id='word_1_151' title='bbox 313 1569 350 1609; x_wconf 92' lang='lat' dir='ltr'>si</span> <span class='ocrx_word' id='word_1_152' title='bbox 380 1575 494 1608; x_wconf 89' lang='lat' dir='ltr'>terra</span> <span class='ocrx_word' id='word_1_153' title='bbox 523 1566 754 1621; x_wconf 85' lang='lat' dir='ltr'>generibus</span> <span class='ocrx_word' id='word_1_154' title='bbox 776 1580 973 1607; x_wconf 88' lang='lat' dir='ltr'>umorum</span> <span class='ocrx_word' id='word_1_155' title='bbox 993 1581 1080 1606; x_wconf 88' lang='lat' dir='ltr'>non</span> <span class='ocrx_word' id='word_1_156' title='bbox 1101 1572 1215 1607; x_wconf 87' lang='lat' dir='ltr'>esset</span> <span class='ocrx_word' id='word_1_157' title='bbox 1236 1565 1459 1607; x_wconf 87' lang='lat' dir='ltr'>dissimilis</span> <span class='ocrx_word' id='word_1_158' title='bbox 1484 1574 1523 1607; x_wconf 86' lang='lat' dir='ltr'>et</span> <span class='ocrx_word' id='word_1_159' title='bbox 1546 1566 1687 1622; x_wconf 83' lang='lat' dir='ltr'>dispa-</span> 
     </span>
     <span class='ocr_line' id='line_1_22' title="bbox 165 1633 1720 1690; baseline -0.003 -11"><span class='ocrx_word' id='word_1_160' title='bbox 165 1646 279 1689; x_wconf 85' lang='lat' dir='ltr'>rata,</span> <span class='ocrx_word' id='word_1_161' title='bbox 312 1651 397 1687; x_wconf 84' lang='lat' dir='ltr'>non</span> <span class='ocrx_word' id='word_1_162' title='bbox 427 1641 594 1676; x_wconf 86' lang='lat' dir='ltr'>tantum</span> <span class='ocrx_word' id='word_1_163' title='bbox 625 1635 669 1675; x_wconf 91' lang='lat' dir='ltr'>in</span> <span class='ocrx_word' id='word_1_164' title='bbox 692 1634 820 1690; x_wconf 72' lang='lat' dir='ltr'>Syria</span> <span class='ocrx_word' id='word_1_165' title='bbox 842 1640 883 1674; x_wconf 91' lang='lat' dir='ltr'>et</span> <span class='ocrx_word' id='word_1_166' title='bbox 903 1633 1069 1674; x_wconf 84' lang='lat' dir='ltr'>Arabia</span> <span class='ocrx_word' id='word_1_167' title='bbox 1099 1634 1143 1673; x_wconf 91' lang='lat' dir='ltr'>in</span> <span class='ocrx_word' id='word_1_168' title='bbox 1176 1633 1492 1675; x_wconf 86' lang='lat' dir='ltr'>harundinibus</span> <span class='ocrx_word' id='word_1_169' title='bbox 1521 1641 1562 1675; x_wconf 92' lang='lat' dir='ltr'>et</span> <span class='ocrx_word' id='word_1_170' title='bbox 1592 1635 1686 1675; x_wconf 92' lang='lat' dir='ltr'>iun-</span> <span class='ocrx_word' id='word_1_171' title='bbox 1714 1651 1720 1656; x_wconf 92' lang='lat'>·</span> 
     </span>
    </p>
   </div>
   <div class='ocr_carea' id='block_1_5' title="bbox 167 1700 1686 1828">
    <p class='ocr_par' dir='ltr' id='par_1_6' title="bbox 167 1700 1686 1828">
     <span class='ocr_line' id='line_1_23' title="bbox 168 1700 1686 1759; baseline -0.003 -13"><span class='ocrx_word' id='word_1_172' title='bbox 168 1706 228 1746; x_wconf 78' lang='lat' dir='ltr'>cis</span> <span class='ocrx_word' id='word_1_173' title='bbox 260 1703 492 1759; x_wconf 88' lang='lat' dir='ltr'>herbisque</span> <span class='ocrx_word' id='word_1_174' title='bbox 524 1702 722 1743; x_wconf 87' lang='lat' dir='ltr'>omnibus</span> <span class='ocrx_word' id='word_1_175' title='bbox 755 1707 897 1742; x_wconf 89' lang='lat' dir='ltr'>essent</span> <span class='ocrx_word' id='word_1_176' title='bbox 928 1700 1079 1742; x_wconf 88' lang='lat' dir='ltr'>odores</span> <span class='ocrx_word' id='word_1_177' title='bbox 1102 1715 1240 1757; x_wconf 90' lang='lat' dir='ltr'>neque</span> <span class='ocrx_word' id='word_1_178' title='bbox 1260 1701 1435 1742; x_wconf 89' lang='lat' dir='ltr'>arbores</span> <span class='ocrx_word' id='word_1_179' title='bbox 1468 1700 1686 1753; x_wconf 81' lang='lat' dir='ltr'>turiferae,</span> 
     </span>
     <span class='ocr_line' id='line_1_24' title="bbox 167 1767 1686 1828; baseline -0.003 -14"><span class='ocrx_word' id='word_1_180' title='bbox 167 1787 306 1828; x_wconf 90' lang='lat' dir='ltr'>neque</span> <span class='ocrx_word' id='word_1_181' title='bbox 336 1771 497 1828; x_wconf 84' lang='lat' dir='ltr'>piperis</span> <span class='ocrx_word' id='word_1_182' title='bbox 531 1769 685 1811; x_wconf 86' lang='lat' dir='ltr'>darent</span> <span class='ocrx_word' id='word_1_183' title='bbox 719 1770 843 1810; x_wconf 84' lang='lat' dir='ltr'>bacas</span> <span class='ocrx_word' id='word_1_184' title='bbox 877 1783 956 1810; x_wconf 88' lang='lat' dir='ltr'>nec</span> <span class='ocrx_word' id='word_1_185' title='bbox 977 1783 1147 1809; x_wconf 88' lang='lat' dir='ltr'>murrae</span> <span class='ocrx_word' id='word_1_186' title='bbox 1177 1767 1420 1823; x_wconf 84' lang='lat' dir='ltr'>glaebulas,</span> <span class='ocrx_word' id='word_1_187' title='bbox 1453 1783 1531 1809; x_wconf 77' lang='lat' dir='ltr'>nec.</span> <span class='ocrx_word' id='word_1_188' title='bbox 1553 1769 1686 1825; x_wconf 73' lang='lat' dir='ltr'>Cyre-</span> 
     </span>
    </p>
   </div>
   <div class='ocr_carea' id='block_1_6' title="bbox 167 1960 1689 2231">
    <p class='ocr_par' dir='ltr' id='par_1_7' title="bbox 167 1960 1689 2231">
     <span class='ocr_line' id='line_1_25' title="bbox 258 1960 1688 2005; baseline -0.003 -7"><span class='ocrx_word' id='word_1_189' title='bbox 258 1969 277 1998; x_wconf 76' lang='lat'><strong>2</strong></span> <span class='ocrx_word' id='word_1_190' title='bbox 303 1968 389 1997; x_wconf 81' lang='lat' dir='ltr'>tunc</span> <span class='ocrx_word' id='word_1_191' title='bbox 417 1964 616 2005; x_wconf 72' lang='lat' dir='ltr'>GH(L10):</span> <span class='ocrx_word' id='word_1_192' title='bbox 647 1963 791 1995; x_wconf 84' lang='lat' dir='ltr'>tertiam</span> <span class='ocrx_word' id='word_1_193' title='bbox 816 1962 858 1993; x_wconf 87' lang='lat' dir='ltr'>E.</span> <span class='ocrx_word' id='word_1_194' title='bbox 894 1960 908 2005; x_wconf 81' lang='lat' dir='ltr'>[l</span> <span class='ocrx_word' id='word_1_195' title='bbox 939 1964 1078 1994; x_wconf 83' lang='lat' dir='ltr'>tantam</span> <span class='ocrx_word' id='word_1_196' title='bbox 1105 1961 1223 2002; x_wconf 64' lang='lat' dir='ltr'>(tanta</span> <span class='ocrx_word' id='word_1_197' title='bbox 1243 1962 1282 2000; x_wconf 72' lang='lat' dir='ltr'>(i)</span> <span class='ocrx_word' id='word_1_198' title='bbox 1309 1962 1599 2003; x_wconf 79' lang='lat' dir='ltr'>magnitudinem</span> <span class='ocrx_word' id='word_1_199' title='bbox 1628 1962 1688 1994; x_wconf 74' lang='lat' dir='ltr'>EG</span> 
     </span>
     <span class='ocr_line' id='line_1_26' title="bbox 169 2016 1688 2065; baseline -0.003 -10"><span class='ocrx_word' id='word_1_200' title='bbox 169 2023 290 2065; x_wconf 72' lang='lat' dir='ltr'>(Lelz):</span> <span class='ocrx_word' id='word_1_201' title='bbox 317 2026 421 2054; x_wconf 84' lang='lat' dir='ltr'>tanta</span> <span class='ocrx_word' id='word_1_202' title='bbox 448 2022 568 2061; x_wconf 78' lang='lat' dir='ltr'>(tanta</span> <span class='ocrx_word' id='word_1_203' title='bbox 589 2019 593 2060; x_wconf 94' lang='grc' dir='ltr'>Ι</span> <span class='ocrx_word' id='word_1_204' title='bbox 617 2021 665 2059; x_wconf 91' lang='lat' dir='ltr'>H)</span> <span class='ocrx_word' id='word_1_205' title='bbox 693 2019 947 2061; x_wconf 84' lang='lat' dir='ltr'>magnitudine</span> <span class='ocrx_word' id='word_1_206' title='bbox 972 2019 1012 2050; x_wconf 88' lang='lat' dir='ltr'>II</span> <span class='ocrx_word' id='word_1_207' title='bbox 1034 2018 1085 2059; x_wconf 88' lang='lat' dir='ltr'>(l).</span> <span class='ocrx_word' id='word_1_208' title='bbox 1115 2016 1130 2061; x_wconf 84' lang='grc' dir='ltr'>Η</span> <span class='ocrx_word' id='word_1_209' title='bbox 1162 2020 1182 2050; x_wconf 84' lang='grc'>4</span> <span class='ocrx_word' id='word_1_210' title='bbox 1208 2029 1320 2050; x_wconf 84' lang='lat' dir='ltr'>venas</span> <span class='ocrx_word' id='word_1_211' title='bbox 1355 2019 1424 2050; x_wconf 89' lang='lat' dir='ltr'>GH</span> <span class='ocrx_word' id='word_1_212' title='bbox 1452 2018 1561 2059; x_wconf 53' lang='grc' dir='ltr'>(Μῶα</span> <span class='ocrx_word' id='word_1_213' title='bbox 1594 2029 1688 2050; x_wconf 86' lang='lat' dir='ltr'>vena</span> 
     </span>
     <span class='ocr_line' id='line_1_27' title="bbox 167 2073 1687 2118; baseline -0.004 -6"><span class='ocrx_word' id='word_1_214' title='bbox 167 2084 245 2112; x_wconf 78' lang='lat' dir='ltr'>ante</span> <span class='ocrx_word' id='word_1_215' title='bbox 270 2089 361 2112; x_wconf 78' lang='lat' dir='ltr'>corr.</span> <span class='ocrx_word' id='word_1_216' title='bbox 389 2078 420 2109; x_wconf 90' lang='lat' dir='ltr'><em>E</em></span> <span class='ocrx_word' id='word_1_217' title='bbox 443 2077 559 2117; x_wconf 77' lang='lat' dir='ltr'>(venae</span> <span class='ocrx_word' id='word_1_218' title='bbox 586 2076 661 2116; x_wconf 76' lang='lat' dir='ltr'>Ec),</span> <span class='ocrx_word' id='word_1_219' title='bbox 692 2073 707 2118; x_wconf 83' lang='grc' dir='ltr'>Η</span> <span class='ocrx_word' id='word_1_220' title='bbox 739 2076 980 2107; x_wconf 75' lang='lat' dir='ltr'>sandaracam</span> <span class='ocrx_word' id='word_1_221' title='bbox 1014 2075 1158 2106; x_wconf 86' lang='lat' dir='ltr'>fodiunt</span> <span class='ocrx_word' id='word_1_222' title='bbox 1190 2074 1523 2115; x_wconf 70' lang='lat' dir='ltr'>Miiller-Scriibiny:</span> <span class='ocrx_word' id='word_1_223' title='bbox 1556 2074 1687 2106; x_wconf 84' lang='lat' dir='ltr'>sanda-</span> 
     </span>
     <span class='ocr_line' id='line_1_28' title="bbox 168 2128 1689 2176; baseline -0.004 -8"><span class='ocrx_word' id='word_1_224' title='bbox 168 2138 252 2168; x_wconf 59' lang='lat' dir='ltr'>raca</span> <span class='ocrx_word' id='word_1_225' title='bbox 279 2134 419 2176; x_wconf 84' lang='lat' dir='ltr'>(—cam</span> <span class='ocrx_word' id='word_1_226' title='bbox 445 2133 468 2174; x_wconf 90' lang='grc' dir='ltr'>Ι)</span> <span class='ocrx_word' id='word_1_227' title='bbox 497 2132 684 2164; x_wconf 85' lang='lat' dir='ltr'>fodiuntur</span> <span class='ocrx_word' id='word_1_228' title='bbox 715 2133 754 2163; x_wconf 89' lang='lat' dir='ltr'><em>H</em></span> <span class='ocrx_word' id='word_1_229' title='bbox 782 2130 893 2172; x_wconf 65' lang='lat' dir='ltr'>(Lm),</span> <span class='ocrx_word' id='word_1_230' title='bbox 928 2131 1135 2162; x_wconf 83' lang='lat' dir='ltr'>sandaraca</span> <span class='ocrx_word' id='word_1_231' title='bbox 1161 2131 1349 2163; x_wconf 86' lang='lat' dir='ltr'>fodiuntur</span> <span class='ocrx_word' id='word_1_232' title='bbox 1375 2131 1448 2163; x_wconf 78' lang='lat' dir='ltr'>EG.</span> <span class='ocrx_word' id='word_1_233' title='bbox 1475 2128 1489 2173; x_wconf 71' lang='grc'>1]</span> <span class='ocrx_word' id='word_1_234' title='bbox 1524 2141 1568 2162; x_wconf 88' lang='lat' dir='ltr'>ea</span> <span class='ocrx_word' id='word_1_235' title='bbox 1595 2141 1689 2171; x_wconf 87' lang='lat' dir='ltr'>aqua</span> 
     </span>
     <span class='ocr_line' id='line_1_29' title="bbox 167 2185 1688 2231; baseline -0.004 -7"><span class='ocrx_word' id='word_1_236' title='bbox 167 2194 256 2225; x_wconf 67' lang='grc' dir='ltr'>ιΙι)(’.;</span> <span class='ocrx_word' id='word_1_237' title='bbox 284 2191 312 2223; x_wconf 85' lang='lat'>&amp;</span> <span class='ocrx_word' id='word_1_238' title='bbox 339 2191 390 2230; x_wconf 87' lang='lat' dir='ltr'>(et</span> <span class='ocrx_word' id='word_1_239' title='bbox 417 2190 457 2229; x_wconf 78' lang='lat' dir='ltr'>G)</span> <span class='ocrx_word' id='word_1_240' title='bbox 485 2199 579 2231; x_wconf 83' lang='lat' dir='ltr'>aqua.</span> <span class='ocrx_word' id='word_1_241' title='bbox 605 2188 707 2220; x_wconf 86' lang='lat' dir='ltr'>EGH</span> <span class='ocrx_word' id='word_1_242' title='bbox 731 2188 877 2229; x_wconf 88' lang='lat' dir='ltr'>(aquam</span> <span class='ocrx_word' id='word_1_243' title='bbox 901 2192 980 2218; x_wconf 79' lang='lat' dir='ltr'>ante</span> <span class='ocrx_word' id='word_1_244' title='bbox 1004 2197 1094 2219; x_wconf 79' lang='lat' dir='ltr'>cor-r.</span> <span class='ocrx_word' id='word_1_245' title='bbox 1122 2187 1199 2227; x_wconf 81' lang='lat' dir='ltr'>Le).</span> <span class='ocrx_word' id='word_1_246' title='bbox 1226 2185 1240 2228; x_wconf 76' lang='grc'>11</span> <span class='ocrx_word' id='word_1_247' title='bbox 1276 2189 1295 2218; x_wconf 85' lang='grc'><strong>9</strong></span> <span class='ocrx_word' id='word_1_248' title='bbox 1323 2197 1464 2219; x_wconf 83' lang='lat' dir='ltr'>sucum:</span> <span class='ocrx_word' id='word_1_249' title='bbox 1500 2197 1584 2218; x_wconf 85' lang='lat' dir='ltr'>suco</span> <span class='ocrx_word' id='word_1_250' title='bbox 1610 2191 1688 2218; x_wconf 78' lang='lat' dir='ltr'>ante</span> 
     </span>
    </p>
   </div>
   <div class='ocr_carea' id='block_1_7' title="bbox 168 2261 1687 2986">
    <p class='ocr_par' dir='ltr' id='par_1_8' title="bbox 168 2261 1687 2986">
     <span class='ocr_line' id='line_1_30' title="bbox 168 2261 1684 2308; baseline -0.004 -5"><span class='ocrx_word' id='word_1_251' title='bbox 168 2282 258 2304; x_wconf 73' lang='lat' dir='ltr'>corr.</span> <span class='ocrx_word' id='word_1_252' title='bbox 286 2271 334 2307; x_wconf 90' lang='lat' dir='ltr'>H,</span> <span class='ocrx_word' id='word_1_253' title='bbox 361 2261 448 2300; x_wconf 54' lang='lat' dir='ltr'>sues)</span> <span class='ocrx_word' id='word_1_254' title='bbox 476 2269 530 2299; x_wconf 76' lang='lat' dir='ltr'>Hc</span> <span class='ocrx_word' id='word_1_255' title='bbox 555 2267 656 2308; x_wconf 86' lang='lat' dir='ltr'>(suco</span> <span class='ocrx_word' id='word_1_256' title='bbox 682 2267 749 2306; x_wconf 77' lang='lat' dir='ltr'>elz).</span> <span class='ocrx_word' id='word_1_257' title='bbox 781 2264 795 2308; x_wconf 84' lang='grc' dir='ltr'>Η</span> <span class='ocrx_word' id='word_1_258' title='bbox 829 2266 994 2298; x_wconf 86' lang='lat' dir='ltr'>ederent:</span> <span class='ocrx_word' id='word_1_259' title='bbox 1021 2266 1073 2298; x_wconf 78' lang='lat' dir='ltr'>hic</span> <span class='ocrx_word' id='word_1_260' title='bbox 1099 2267 1139 2298; x_wconf 80' lang='lat' dir='ltr'>(le</span> <span class='ocrx_word' id='word_1_261' title='bbox 1168 2266 1212 2297; x_wconf 69' lang='lat' dir='ltr'>GC</span> <span class='ocrx_word' id='word_1_262' title='bbox 1226 2266 1318 2306; x_wconf 79' lang='lat' dir='ltr'>falso</span> <span class='ocrx_word' id='word_1_263' title='bbox 1345 2270 1485 2297; x_wconf 67' lang='lat' dir='ltr'>testatus</span> <span class='ocrx_word' id='word_1_264' title='bbox 1510 2270 1560 2296; x_wconf 78' lang='lat' dir='ltr'>est</span> <span class='ocrx_word' id='word_1_265' title='bbox 1586 2266 1684 2297; x_wconf 77' lang='lat' dir='ltr'>Schtz.</span> 
     </span>
     <span class='ocr_line' id='line_1_31' title="bbox 170 2321 1683 2368; baseline -0.006 -8"><span class='ocrx_word' id='word_1_266' title='bbox 170 2329 234 2360; x_wconf 74' lang='lat' dir='ltr'>vicl.</span> <span class='ocrx_word' id='word_1_267' title='bbox 261 2328 307 2359; x_wconf 81' lang='lat' dir='ltr'>ad</span> <span class='ocrx_word' id='word_1_268' title='bbox 329 2338 363 2368; x_wconf 70' lang='grc' dir='ltr'>Ι).</span> <span class='ocrx_word' id='word_1_269' title='bbox 382 2327 456 2361; x_wconf 84' lang='grc'>198,</span> <span class='ocrx_word' id='word_1_270' title='bbox 476 2327 505 2358; x_wconf 91' lang='grc'>7.</span> <span class='ocrx_word' id='word_1_271' title='bbox 530 2322 546 2367; x_wconf 82' lang='grc' dir='ltr'>ΙΙ</span> <span class='ocrx_word' id='word_1_272' title='bbox 571 2325 608 2355; x_wconf 83' lang='grc'>11</span> <span class='ocrx_word' id='word_1_273' title='bbox 636 2323 793 2355; x_wconf 88' lang='lat' dir='ltr'>insulam</span> <span class='ocrx_word' id='word_1_274' title='bbox 819 2322 947 2354; x_wconf 86' lang='lat' dir='ltr'>lesbon</span> <span class='ocrx_word' id='word_1_275' title='bbox 967 2346 973 2353; x_wconf 94' lang='lat'>.</span> <span class='ocrx_word' id='word_1_276' title='bbox 994 2348 1023 2356; x_wconf 83' lang='grc'>..</span> <span class='ocrx_word' id='word_1_277' title='bbox 1043 2322 1239 2354; x_wconf 84' lang='lat' dir='ltr'>maloniam</span> <span class='ocrx_word' id='word_1_278' title='bbox 1265 2321 1485 2362; x_wconf 84' lang='lat' dir='ltr'>(Maeoniam</span> <span class='ocrx_word' id='word_1_279' title='bbox 1505 2322 1605 2360; x_wconf 68' lang='lat' dir='ltr'>Phil.)</span> <span class='ocrx_word' id='word_1_280' title='bbox 1628 2346 1634 2352; x_wconf 93' lang='lat'><em>.</em></span> <span class='ocrx_word' id='word_1_281' title='bbox 1653 2346 1658 2351; x_wconf 96' lang='lat'>.</span> <span class='ocrx_word' id='word_1_282' title='bbox 1676 2345 1683 2352; x_wconf 92' lang='lat'>.</span> 
     </span>
     <span class='ocr_line' id='line_1_32' title="bbox 170 2377 1685 2424; baseline -0.004 -9"><span class='ocrx_word' id='word_1_283' title='bbox 170 2384 295 2415; x_wconf 83' lang='lat' dir='ltr'>lidiam</span> <span class='ocrx_word' id='word_1_284' title='bbox 322 2382 460 2424; x_wconf 88' lang='lat' dir='ltr'>(lidiem</span> <span class='ocrx_word' id='word_1_285' title='bbox 494 2384 571 2412; x_wconf 79' lang='lat' dir='ltr'>ante</span> <span class='ocrx_word' id='word_1_286' title='bbox 602 2390 692 2412; x_wconf 80' lang='lat' dir='ltr'>corr.</span> <span class='ocrx_word' id='word_1_287' title='bbox 720 2378 769 2419; x_wconf 86' lang='lat' dir='ltr'>ll)</span> <span class='ocrx_word' id='word_1_288' title='bbox 888 2377 1044 2409; x_wconf 81' lang='lat' dir='ltr'>siciliam</span> <span class='ocrx_word' id='word_1_289' title='bbox 1155 2379 1385 2421; x_wconf 80' lang='lat' dir='ltr'>campaniam</span> <span class='ocrx_word' id='word_1_290' title='bbox 1413 2377 1525 2408; x_wconf 84' lang='lat' dir='ltr'><em>EGH.</em></span> <span class='ocrx_word' id='word_1_291' title='bbox 1568 2377 1685 2409; x_wconf 77' lang='lat' dir='ltr'>ablati-</span> 
     </span>
     <span class='ocr_line' id='line_1_33' title="bbox 169 2430 1686 2480; baseline -0.005 -9"><span class='ocrx_word' id='word_1_292' title='bbox 169 2451 225 2472; x_wconf 78' lang='lat' dir='ltr'>vos</span> <span class='ocrx_word' id='word_1_293' title='bbox 252 2437 331 2480; x_wconf 71' lang='lat'>(-5</span> <span class='ocrx_word' id='word_1_294' title='bbox 357 2438 398 2480; x_wconf 88' lang='lat' dir='ltr'>G)</span> <span class='ocrx_word' id='word_1_295' title='bbox 424 2438 571 2470; x_wconf 74' lang='lat' dir='ltr'>rescituit</span> <span class='ocrx_word' id='word_1_296' title='bbox 596 2437 688 2468; x_wconf 71' lang='lat' dir='ltr'>Mar.</span> <span class='ocrx_word' id='word_1_297' title='bbox 721 2433 737 2478; x_wconf 73' lang='lat' dir='ltr'>ss</span> <span class='ocrx_word' id='word_1_298' title='bbox 768 2437 977 2477; x_wconf 81' lang='lat' dir='ltr'>protropum</span> <span class='ocrx_word' id='word_1_299' title='bbox 1000 2435 1073 2467; x_wconf 79' lang='lat' dir='ltr'>Joc.</span> <span class='ocrx_word' id='word_1_300' title='bbox 1103 2433 1240 2476; x_wconf 85' lang='lat'>(1522):</span> <span class='ocrx_word' id='word_1_301' title='bbox 1268 2437 1452 2477; x_wconf 83' lang='lat' dir='ltr'>protyrum</span> <span class='ocrx_word' id='word_1_302' title='bbox 1482 2430 1686 2475; x_wconf 74' lang='lat' dir='ltr'>EGH.[{12</span> 
     </span>
     <span class='ocr_line' id='line_1_34' title="bbox 172 2488 1686 2535; baseline -0.006 -7"><span class='ocrx_word' id='word_1_303' title='bbox 172 2495 550 2535; x_wconf 83' lang='lat' dir='ltr'>catacecaumeniten,</span> <span class='ocrx_word' id='word_1_304' title='bbox 588 2492 706 2534; x_wconf 86' lang='lat' dir='ltr'>Lydia</span> <span class='ocrx_word' id='word_1_305' title='bbox 745 2492 838 2524; x_wconf 68' lang='lat' dir='ltr'>Mar.</span> <span class='ocrx_word' id='word_1_306' title='bbox 877 2491 1023 2531; x_wconf 75' lang='lat' dir='ltr'>(servato</span> <span class='ocrx_word' id='word_1_307' title='bbox 1050 2491 1138 2522; x_wconf 85' lang='lat' dir='ltr'>item</span> <span class='ocrx_word' id='word_1_308' title='bbox 1169 2497 1246 2523; x_wconf 80' lang='lat' dir='ltr'>ante</span> <span class='ocrx_word' id='word_1_309' title='bbox 1278 2491 1430 2531; x_wconf 76' lang='lat' dir='ltr'>Lydiam</span> <span class='ocrx_word' id='word_1_310' title='bbox 1461 2490 1536 2520; x_wconf 81' lang='lat' dir='ltr'><strong><em>Joc.</em></strong></span> <span class='ocrx_word' id='word_1_311' title='bbox 1565 2488 1686 2528; x_wconf 81' lang='lat'><em>1522):</em></span> 
     </span>
     <span class='ocr_line' id='line_1_35' title="bbox 171 2544 1685 2590; baseline -0.005 -6"><span class='ocrx_word' id='word_1_312' title='bbox 171 2555 457 2584; x_wconf 86' lang='lat' dir='ltr'>catacecaumen</span> <span class='ocrx_word' id='word_1_313' title='bbox 493 2550 659 2590; x_wconf 75' lang='lat' dir='ltr'>(eataeae</span> <span class='ocrx_word' id='word_1_314' title='bbox 697 2558 848 2580; x_wconf 88' lang='lat' dir='ltr'>caumen</span> <span class='ocrx_word' id='word_1_315' title='bbox 882 2549 933 2584; x_wconf 84' lang='lat' dir='ltr'>ll,</span> <span class='ocrx_word' id='word_1_316' title='bbox 973 2550 1101 2579; x_wconf 81' lang='lat' dir='ltr'>cataee</span> <span class='ocrx_word' id='word_1_317' title='bbox 1140 2558 1294 2579; x_wconf 84' lang='lat' dir='ltr'>caumen</span> <span class='ocrx_word' id='word_1_318' title='bbox 1326 2545 1385 2587; x_wconf 92' lang='lat' dir='ltr'>I).</span> <span class='ocrx_word' id='word_1_319' title='bbox 1436 2546 1525 2576; x_wconf 84' lang='lat' dir='ltr'>Item</span> <span class='ocrx_word' id='word_1_320' title='bbox 1562 2544 1685 2576; x_wconf 86' lang='lat' dir='ltr'>lidiam</span> 
     </span>
     <span class='ocr_line' id='line_1_36' title="bbox 172 2601 1685 2649; baseline -0.006 -9"><span class='ocrx_word' id='word_1_321' title='bbox 172 2609 283 2642; x_wconf 79' lang='lat' dir='ltr'><em>EGII.</em></span> <span class='ocrx_word' id='word_1_322' title='bbox 315 2605 330 2649; x_wconf 77' lang='lat' dir='ltr'>ll</span> <span class='ocrx_word' id='word_1_323' title='bbox 361 2606 524 2638; x_wconf 85' lang='lat' dir='ltr'>tmoliten</span> <span class='ocrx_word' id='word_1_324' title='bbox 549 2607 655 2637; x_wconf 77' lang='lat' dir='ltr'>szil.:</span> <span class='ocrx_word' id='word_1_325' title='bbox 689 2605 838 2637; x_wconf 83' lang='lat' dir='ltr'>moliton</span> <span class='ocrx_word' id='word_1_326' title='bbox 866 2603 977 2635; x_wconf 81' lang='lat' dir='ltr'><em>EGH.</em></span> <span class='ocrx_word' id='word_1_327' title='bbox 1009 2601 1024 2645; x_wconf 79' lang='grc' dir='ltr'>Η</span> <span class='ocrx_word' id='word_1_328' title='bbox 1059 2605 1099 2635; x_wconf 85' lang='grc'>13</span> <span class='ocrx_word' id='word_1_329' title='bbox 1124 2604 1219 2636; x_wconf 82' lang='lat' dir='ltr'>inter</span> <span class='ocrx_word' id='word_1_330' title='bbox 1250 2603 1486 2634; x_wconf 81' lang='lat' dir='ltr'>Terracinam</span> <span class='ocrx_word' id='word_1_331' title='bbox 1521 2604 1556 2632; x_wconf 84' lang='lat' dir='ltr'>ct</span> <span class='ocrx_word' id='word_1_332' title='bbox 1588 2601 1685 2632; x_wconf 83' lang='lat' dir='ltr'>Fun·</span> 
     </span>
     <span class='ocr_line' id='line_1_37' title="bbox 172 2657 1684 2704; baseline -0.006 -8"><span class='ocrx_word' id='word_1_333' title='bbox 172 2665 236 2697; x_wconf 91' lang='lat' dir='ltr'>dos</span> <span class='ocrx_word' id='word_1_334' title='bbox 263 2662 584 2704; x_wconf 57' lang='lat' dir='ltr'>illilller-Slriibinffl</span> <span class='ocrx_word' id='word_1_335' title='bbox 624 2662 717 2693; x_wconf 83' lang='lat' dir='ltr'>inter</span> <span class='ocrx_word' id='word_1_336' title='bbox 750 2662 874 2692; x_wconf 66' lang='lat' dir='ltr'>racina</span> <span class='ocrx_word' id='word_1_337' title='bbox 900 2663 935 2691; x_wconf 87' lang='lat' dir='ltr'>et</span> <span class='ocrx_word' id='word_1_338' title='bbox 962 2659 1084 2691; x_wconf 83' lang='lat' dir='ltr'>fundis</span> <span class='ocrx_word' id='word_1_339' title='bbox 1112 2660 1154 2697; x_wconf 83' lang='lat' dir='ltr'>G,</span> <span class='ocrx_word' id='word_1_340' title='bbox 1188 2660 1407 2691; x_wconf 67' lang='lat' dir='ltr'>interraeinz‘i</span> <span class='ocrx_word' id='word_1_341' title='bbox 1434 2657 1462 2688; x_wconf 78' lang='lat'>&amp;</span> <span class='ocrx_word' id='word_1_342' title='bbox 1487 2657 1609 2689; x_wconf 81' lang='lat' dir='ltr'>sundis</span> <span class='ocrx_word' id='word_1_343' title='bbox 1644 2657 1684 2696; x_wconf 86' lang='lat' dir='ltr'>E,</span> 
     </span>
     <span class='ocr_line' id='line_1_38' title="bbox 172 2711 1686 2759; baseline -0.005 -7"><span class='ocrx_word' id='word_1_344' title='bbox 172 2721 431 2753; x_wconf 84' lang='lat' dir='ltr'>interracinam</span> <span class='ocrx_word' id='word_1_345' title='bbox 457 2718 486 2750; x_wconf 67' lang='grc' dir='ltr'>δι</span> <span class='ocrx_word' id='word_1_346' title='bbox 511 2718 632 2751; x_wconf 82' lang='lat' dir='ltr'>fundis</span> <span class='ocrx_word' id='word_1_347' title='bbox 664 2719 709 2750; x_wconf 92' lang='grc' dir='ltr'>ΙΙ.</span> <span class='ocrx_word' id='word_1_348' title='bbox 740 2716 755 2759; x_wconf 78' lang='grc' dir='ltr'>Η</span> <span class='ocrx_word' id='word_1_349' title='bbox 789 2716 998 2748; x_wconf 87' lang='lat' dir='ltr'>Caecubum</span> <span class='ocrx_word' id='word_1_350' title='bbox 1030 2717 1101 2748; x_wconf 81' lang='lat' dir='ltr'>ed.:</span> <span class='ocrx_word' id='word_1_351' title='bbox 1136 2716 1321 2747; x_wconf 85' lang='lat' dir='ltr'>caesibum</span> <span class='ocrx_word' id='word_1_352' title='bbox 1356 2713 1466 2746; x_wconf 76' lang='lat' dir='ltr'><em>EGII.</em></span> <span class='ocrx_word' id='word_1_353' title='bbox 1495 2711 1509 2754; x_wconf 92' lang='grc' dir='ltr'>ΙΙ</span> <span class='ocrx_word' id='word_1_354' title='bbox 1544 2713 1583 2744; x_wconf 88' lang='lat'>15</span> <span class='ocrx_word' id='word_1_355' title='bbox 1609 2723 1686 2754; x_wconf 86' lang='lat' dir='ltr'>pro·</span> 
     </span>
     <span class='ocr_line' id='line_1_39' title="bbox 175 2768 1685 2817; baseline -0.006 -8"><span class='ocrx_word' id='word_1_356' title='bbox 175 2777 307 2809; x_wconf 84' lang='lat' dir='ltr'>creari:</span> <span class='ocrx_word' id='word_1_357' title='bbox 333 2778 382 2808; x_wconf 73' lang='lat' dir='ltr'>sic</span> <span class='ocrx_word' id='word_1_358' title='bbox 410 2775 518 2807; x_wconf 78' lang='lat' dir='ltr'><em>EGll.</em></span> <span class='ocrx_word' id='word_1_359' title='bbox 551 2772 566 2817; x_wconf 83' lang='grc' dir='ltr'>ΙΙ</span> <span class='ocrx_word' id='word_1_360' title='bbox 600 2776 640 2807; x_wconf 80' lang='grc'>16</span> <span class='ocrx_word' id='word_1_361' title='bbox 665 2772 896 2816; x_wconf 82' lang='lat' dir='ltr'>proprietatis</span> <span class='ocrx_word' id='word_1_362' title='bbox 924 2771 954 2802; x_wconf 89' lang='lat' dir='ltr'><em>E</em></span> <span class='ocrx_word' id='word_1_363' title='bbox 979 2777 1012 2803; x_wconf 81' lang='grc' dir='ltr'>ει</span> <span class='ocrx_word' id='word_1_364' title='bbox 1035 2777 1111 2803; x_wconf 81' lang='lat' dir='ltr'>ante</span> <span class='ocrx_word' id='word_1_365' title='bbox 1142 2782 1231 2804; x_wconf 77' lang='lat' dir='ltr'>corr.</span> <span class='ocrx_word' id='word_1_366' title='bbox 1261 2771 1298 2801; x_wconf 86' lang='lat' dir='ltr'>G.</span> <span class='ocrx_word' id='word_1_367' title='bbox 1332 2768 1346 2812; x_wconf 77' lang='grc' dir='ltr'>[Ι</span> <span class='ocrx_word' id='word_1_368' title='bbox 1377 2768 1518 2810; x_wconf 84' lang='lat' dir='ltr'>saporis</span> <span class='ocrx_word' id='word_1_369' title='bbox 1544 2768 1685 2801; x_wconf 50' lang='lat' dir='ltr'>illiiller-</span> 
     </span>
     <span class='ocr_line' id='line_1_40' title="bbox 175 2824 1687 2874; baseline -0.006 -10"><span class='ocrx_word' id='word_1_370' title='bbox 175 2833 335 2874; x_wconf 64' lang='lat' dir='ltr'>Scriibnzy</span> <span class='ocrx_word' id='word_1_371' title='bbox 361 2831 476 2873; x_wconf 82' lang='lat' dir='ltr'>(rec.):</span> <span class='ocrx_word' id='word_1_372' title='bbox 505 2841 654 2874; x_wconf 83' lang='lat' dir='ltr'>sapores</span> <span class='ocrx_word' id='word_1_373' title='bbox 680 2830 781 2861; x_wconf 72' lang='lat' dir='ltr'>Esm</span> <span class='ocrx_word' id='word_1_374' title='bbox 813 2828 996 2870; x_wconf 80' lang='lat' dir='ltr'>(saporum</span> <span class='ocrx_word' id='word_1_375' title='bbox 1023 2829 1104 2869; x_wconf 84' lang='lat' dir='ltr'>ed.).</span> <span class='ocrx_word' id='word_1_376' title='bbox 1140 2826 1155 2871; x_wconf 62' lang='lat' dir='ltr'>[l</span> <span class='ocrx_word' id='word_1_377' title='bbox 1190 2828 1243 2858; x_wconf 89' lang='lat' dir='ltr'>sic</span> <span class='ocrx_word' id='word_1_378' title='bbox 1268 2838 1327 2868; x_wconf 74' lang='lat' dir='ltr'>eyn</span> <span class='ocrx_word' id='word_1_379' title='bbox 1363 2824 1479 2865; x_wconf 74' lang='lat' dir='ltr'>(ree.):</span> <span class='ocrx_word' id='word_1_380' title='bbox 1512 2825 1561 2856; x_wconf 85' lang='lat' dir='ltr'>sit</span> <span class='ocrx_word' id='word_1_381' title='bbox 1586 2824 1687 2856; x_wconf 74' lang='grc' dir='ltr'>ΕΘΗ</span> 
     </span>
     <span class='ocr_line' id='line_1_41' title="bbox 177 2881 1687 2929; baseline -0.007 -8"><span class='ocrx_word' id='word_1_382' title='bbox 177 2889 251 2928; x_wconf 83' lang='lat' dir='ltr'>(om.</span> <span class='ocrx_word' id='word_1_383' title='bbox 278 2888 360 2929; x_wconf 86' lang='lat' dir='ltr'>ed.).</span> <span class='ocrx_word' id='word_1_384' title='bbox 388 2886 404 2929; x_wconf 74' lang='grc' dir='ltr'>Η</span> <span class='ocrx_word' id='word_1_385' title='bbox 436 2889 478 2919; x_wconf 75' lang='lat'>‘20</span> <span class='ocrx_word' id='word_1_386' title='bbox 505 2888 622 2919; x_wconf 85' lang='lat' dir='ltr'>iuncis</span> <span class='ocrx_word' id='word_1_387' title='bbox 652 2888 743 2919; x_wconf 65' lang='lat' dir='ltr'>loa:</span> <span class='ocrx_word' id='word_1_388' title='bbox 778 2885 894 2917; x_wconf 85' lang='lat' dir='ltr'>uineis</span> <span class='ocrx_word' id='word_1_389' title='bbox 926 2884 1036 2917; x_wconf 82' lang='lat' dir='ltr'><em>EGH.</em></span> <span class='ocrx_word' id='word_1_390' title='bbox 1066 2882 1080 2926; x_wconf 76' lang='lat' dir='ltr'>l}</span> <span class='ocrx_word' id='word_1_391' title='bbox 1112 2886 1154 2915; x_wconf 74' lang='lat'>22</span> <span class='ocrx_word' id='word_1_392' title='bbox 1181 2894 1319 2914; x_wconf 82' lang='lat' dir='ltr'>murrae</span> <span class='ocrx_word' id='word_1_393' title='bbox 1348 2883 1382 2913; x_wconf 88' lang='lat' dir='ltr'>ll</span> <span class='ocrx_word' id='word_1_394' title='bbox 1407 2881 1514 2921; x_wconf 71' lang='lat' dir='ltr'>(l,l‹·):</span> <span class='ocrx_word' id='word_1_395' title='bbox 1547 2891 1687 2923; x_wconf 76' lang='lat' dir='ltr'>myrrae</span> 
     </span>
     <span class='ocr_line' id='line_1_42' title="bbox 178 2940 1127 2986; baseline -0.006 -10"><span class='ocrx_word' id='word_1_396' title='bbox 178 2944 256 2986; x_wconf 68' lang='lat'>(-‘}</span> <span class='ocrx_word' id='word_1_397' title='bbox 285 2944 325 2984; x_wconf 76' lang='lat' dir='ltr'>G)</span> <span class='ocrx_word' id='word_1_398' title='bbox 355 2944 425 2975; x_wconf 88' lang='lat' dir='ltr'>EG.</span> <span class='ocrx_word' id='word_1_399' title='bbox 460 2941 474 2985; x_wconf 80' lang='grc'>11</span> <span class='ocrx_word' id='word_1_400' title='bbox 507 2943 674 2985; x_wconf 84' lang='lat' dir='ltr'>glebulas</span> <span class='ocrx_word' id='word_1_401' title='bbox 699 2942 790 2975; x_wconf 56' lang='grc' dir='ltr'>λοιπε</span> <span class='ocrx_word' id='word_1_402' title='bbox 819 2940 989 2983; x_wconf 84' lang='lat' dir='ltr'>glebulae</span> <span class='ocrx_word' id='word_1_403' title='bbox 1018 2940 1127 2971; x_wconf 78' lang='lat' dir='ltr'><em>EGH.</em></span> 
     </span>
    </p>
   </div>
   <div class='ocr_carea' id='block_1_8' title="bbox 1715 631 1734 661">
    <p class='ocr_par' dir='ltr' id='par_1_9' title="bbox 1715 631 1734 661">
     <span class='ocr_line' id='line_1_43' title="bbox 1715 631 1734 661; textangle 90"><span class='ocrx_word' id='word_1_404' title='bbox 1715 631 1734 661; x_wconf 70' lang='lat'>0¹</span> 
     </span>
    </p>
   </div>
   <div class='ocr_carea' id='block_1_9' title="bbox 1719 970 1757 999">
    <p class='ocr_par' dir='ltr' id='par_1_10' title="bbox 1719 970 1757 999">
     <span class='ocr_line' id='line_1_44' title="bbox 1719 970 1757 999; baseline 0 -1"><span class='ocrx_word' id='word_1_405' title='bbox 1719 971 1732 998; x_wconf 88' lang='lat'>1</span> <span class='ocrx_word' id='word_1_406' title='bbox 1737 970 1757 999; x_wconf 82' lang='grc' dir='ltr'><strong>Ο</strong></span> 
     </span>
    </p>
   </div>
   <div class='ocr_carea' id='block_1_10' title="bbox 1718 1307 1757 1336">
    <p class='ocr_par' dir='ltr' id='par_1_11' title="bbox 1718 1307 1757 1336">
     <span class='ocr_line' id='line_1_45' title="bbox 1718 1307 1757 1336; baseline 0 0"><span class='ocrx_word' id='word_1_407' title='bbox 1718 1307 1757 1336; x_wconf 83' lang='grc'>15</span> 
     </span>
    </p>
   </div>
  </div>
 </body>
</html>
