1909 3322
178 237 256 278 150
826 237 1035 267 vlruuvn

176 348 406 404 quadratos
444 351 531 384 tam
570 341 714 397 ampla
751 338 1049 394 magnitudine
1088 338 1150 378 uti
1189 335 1377 377 faciliter
1407 335 1452 375 in
1483 335 1543 375 eis
1575 339 1697 390 quat-

175 423 272 457 tuor
292 411 492 454 tricliniis
515 411 661 451 stratis
692 407 1059 450 ministrationum
1091 404 1374 459 ludorumque
1405 402 1546 458 operis
1578 401 1697 443 locus

178 482 315 539 possit
361 494 453 521 esse
499 478 727 535 spatiosus.
804 476 851 516 in
887 474 954 515 his
993 474 1106 515 oecis
1151 471 1260 512 fiunt
1297 469 1444 511 virilia
1483 469 1697 510 convivia.
1724 477 1741 507 4

176 565 260 590 non
299 549 413 589 enim
450 546 592 587 fuerat
629 544 874 586 institutum
909 547 1069 582 matres
1101 538 1362 580 familiarum
1394 551 1541 579 eorum
1570 536 1699 577 mori-

132 632 152 661 5
178 618 257 659 bus
295 615 562 657 accumbere.
622 613 729 654 haec
766 617 908 653 autem
945 608 1173 665 peristylia
1212 607 1381 648 domus
1403 603 1700 646 andronitides

180 686 411 736 dicuntur,
459 680 573 738 quod
610 681 655 721 in
693 681 730 721 is
770 679 855 720 viri
893 677 985 718 sine
1023 673 1444 732 interpellationibus
1476 671 1703 714 mulierum

180 758 421 794 versantur.
487 753 711 805 praeterea
749 747 905 788 dextra
943 759 994 785 ac
1024 744 1200 785 sinistra
1230 739 1515 783 domunculae
1546 739 1702 781 consti-

181 826 360 862 tuuntur
397 818 607 860 habentes
646 815 840 872 proprias
881 813 1031 853 ianuas
1069 810 1260 852 triclinia
1291 816 1333 850 et
1364 807 1562 849 cubicula
1593 821 1703 848 com-

182 888 330 940 moda,
369 887 433 927 uti
470 885 663 941 hospites
703 882 987 923 advenientes
1027 894 1112 921 non
1142 879 1187 919 in
1217 875 1445 933 peristylia
1476 875 1552 916 sed
1582 875 1626 916 in
1657 889 1707 914 ea

118 968 158 997 10
182 953 415 1011 hospitalia
444 953 720 1009 recipiantur.
781 964 881 990 nam
913 963 1009 989 cum
1039 946 1214 988 fuerunt
1246 943 1404 986 Graeci
1435 942 1706 984 delicatiores

185 1030 226 1065 et
247 1023 419 1064 fortuna
450 1019 760 1077 opulentiores,
792 1015 1038 1072 hospitibus
1069 1011 1404 1055 advenientibus
1435 1009 1742 1061 instruebant»

185 1090 375 1132 triclinia
413 1086 610 1130 cubicula
647 1100 743 1126 eum
779 1099 896 1140 penu
934 1081 1063 1123 cellas
1101 1081 1325 1137 primoque
1363 1079 1433 1120 die
1472 1077 1528 1118 ad
1560 1091 1708 1118 cenam

186 1158 446 1210 invitabant,
477 1161 650 1212 postero
671 1152 902 1194 mittebant
922 1149 1060 1206 pullos
1083 1163 1165 1190 ova
1185 1147 1332 1189 holera
1353 1160 1479 1203 poma
1498 1144 1706 1201 reliquas-

179 1221 270 1281 'que
306 1239 374 1265 res
412 1229 620 1279 agrestes.
680 1220 778 1261 ideo
808 1219 995 1276 pictores
1029 1230 1217 1272 eaquae
1247 1214 1531 1256 mittebantur
1561 1212 1706 1267 hospi-

124 1304 162 1333 15
189 1293 304 1334 tibus
343 1291 524 1348 picturis
562 1289 782 1330 imitantes
814 1287 944 1328 xenia
974 1283 1316 1342 appellaverunt.
1382 1282 1444 1323 ita
1474 1286 1617 1338 patres
1650 1279 1710 1320 fa-

189 1360 402 1401 miliarum
432 1359 478 1399 in
507 1358 695 1413 hospitio
726 1370 811 1396 non
842 1353 1105 1395 videbantur
1135 1366 1229 1393 esse
1260 1364 1463 1407 peregre,
1503 1348 1712 1389 habentes

193 1434 401 1469 secretam
432 1427 477 1467 in
507 1425 574 1466 his
606 1422 894 1481 hospitalibus
927 1419 1247 1461 liberalitatem.
1308 1419 1420 1459 inter
1451 1416 1535 1458 duo
1565 1422 1708 1457 autem
1734 1426 1776 1465 5,

193 1494 419 1551 peristylia
449 1493 504 1534 ad
535 1490 769 1547 hospitalia
799 1490 953 1531 itinera
984 1495 1083 1529 sunt
1114 1501 1222 1543 quae
1252 1485 1467 1527 mesauloe
1498 1484 1714 1536 dicuntur,

194 1562 308 1619 quod
346 1563 459 1602 inter
497 1560 603 1600 duas
635 1558 754 1600 aulas
785 1557 928 1598 media
960 1561 1059 1598 sunt
1089 1554 1365 1610 interposita,
1404 1552 1542 1594 nostri
1572 1557 1716 1593 autem

127 1642 169 1671 2²0
196 1646 265 1671 eas
297 1629 511 1670 andronas
542 1625 774 1683 appellant.

309 1696 396 1738 Sed
431 1696 513 1738 hoc
543 1693 671 1735 valde
702 1700 767 1735 est
797 1691 1063 1744 mirandum,
1102 1703 1181 1730 nec
1220 1689 1333 1729 enim
1363 1701 1517 1743 graece
1548 1700 1628 1727 nec
1657 1684 1716 1742 la-

195 1766 285 1807 tine
317 1770 457 1821 potest
496 1763 542 1804 id
574 1762 817 1804 convenire.
900 1758 1059 1801 Graeci
1090 1757 1205 1798 enim
1236 1757 1470 1810 ανδρωνας
1499 1753 1720 1811 appellant

198 1848 336 1885 oecos,
367 1832 443 1873 ubi
466 1831 667 1872 convivia
688 1829 834 1871 virilia
864 1827 1001 1869 solent
1031 1840 1147 1879 esse,
1181 1823 1296 1881 quod
1327 1838 1374 1865 eo
1406 1821 1604 1864 mulieres
1635 1836 1720 1863 non

199 1899 422 1942 accedunt.
483 1900 586 1940 item
607 1897 716 1939 aliae
746 1912 814 1939 res
847 1903 946 1937 sunt
977 1893 1154 1947 similes,
1185 1893 1249 1934 uti
1279 1897 1432 1947 xystus
1464 1889 1719 1946 prothyrum

133 1977 176 2007 25
200 1967 434 2010 telamones
457 1972 498 2007 et
527 1965 731 2007 nonnulla
761 1964 844 2005 alia
877 1964 966 2003 eius
988 1961 1119 2003 modi.
1152 1960 1308 2011 ξυστος
1339 1959 1451 1999 enim
1482 1964 1547 1999 est
1566 1971 1722 2012 graeca

202 2033 492 2090 appellatione
530 2033 721 2088 porticus
758 2030 901 2087 ampla
939 2028 1192 2079 latitudine,
1232 2027 1278 2067 in
1314 2040 1398 2082 qua
1428 2025 1615 2067 athletae
1646 2039 1722 2081 per

203 2102 384 2143 hiberna
420 2108 614 2156 tempora
653 2105 919 2140 exercentur.
980 2096 1117 2137 nostri
1154 2100 1297 2136 autem
1333 2092 1594 2149 hypaethros
1634 2107 1720 2133 am-

299 2280 315 2309 1
343 2278 540 2319 quadratos
566 2280 637 2308 tam
666 2275 787 2316 ampla
812 2275 902 2306 docnt
931 2271 1112 2314 quadrata
1137 2271 1231 2303 ostia
1257 2269 1378 2311 ampla
1400 2270 1477 2304 GH,
1506 2266 1521 2312 Η
1555 2269 1606 2301 eis
1629 2270 1722 2304 doc-,z

210 2346 250 2366 co
280 2335 354 2366 GH.
389 2331 404 2375 Η
437 2336 606 2375 quattuor
631 2331 820 2370 tricliniis:
852 2332 901 2361 sic
928 2330 1003 2361 GH.
1037 2325 1051 2370 Η
1083 2329 1102 2358 2
1129 2326 1248 2368 operis
1274 2327 1314 2357 H
1334 2324 1447 2367 (Llc):
1481 2335 1610 2368 operas
1638 2326 1675 2358 G.
1707 2324 1722 2366 Η

209 2393 229 2421 4
256 2393 389 2421 matres
418 2390 454 2426 G,
480 2389 592 2420 ——tris
616 2389 650 2419 ll
670 2387 726 2428 (ι’),
753 2385 769 2429 Η
789 2388 807 2417 6
833 2387 880 2418 is:
907 2386 963 2417 his
983 2385 1060 2418 GH.
1090 2381 1106 2426 Η
1128 2384 1168 2414 15
1193 2383 1379 2431 imitantes
1405 2381 1449 2413 G:
1476 2380 1638 2413 imitant⁴³
1663 2379 1669 2423 l
1690 2382 1727 2412 H

212 2447 416 2486 (imitantur
441 2446 493 2483 LI,
520 2442 596 2476 —t2
625 2443 690 2484 ch).
724 2440 739 2486 Η
771 2444 809 2474 17
834 2441 1096 2473 liberalitatem
1123 2439 1189 2471 GH
1214 2437 1287 2479 (Ll,
1314 2437 1522 2469 libertatem
1547 2437 1612 2479 elz).
1639 2435 1654 2479 Η
1685 2438 1726 2469 18

213 2502 259 2533 aa
277 2501 474 2543 hospitalia
491 2511 569 2542 eyo:
590 2503 625 2531 et
641 2498 840 2539 hospitalia
861 2498 936 2531 Gll,
957 2495 972 2539 Η
1003 2506 1038 2538 q3
1057 2506 1111 2527 me
1131 2494 1232 2536 saule
1259 2493 1454 2545 (inevsaule
1482 2494 1536 2534 Ge,
1563 2504 1618 2525 me
1644 2502 1727 2524 sau-

214 2570 269 2601 loe
290 2570 329 2607 L,
349 2567 534 2600 mesauloe
553 2566 600 2607 l22)
628 2566 798 2597 dicuntur
814 2565 857 2598 G:
885 2562 1138 2606 quemlesaulo
1166 2561 1407 2593 edicunturH
1425 2560 1545 2602 (quem
1573 2557 1657 2602 [que
1673 2558 1724 2601 elz]

217 2625 360 2656 osauloe
376 2624 546 2654 (licuntur
559 2622 613 2661 lc).
638 2620 652 2664 Η
676 2624 716 2652 22
733 2621 781 2661 (ul
795 2622 851 2662 ³20)
869 2620 1049 2652 andronas
1066 2618 1142 2652 GH.
1164 2615 1178 2660 Η
1202 2619 1244 2649 23
1260 2627 1367 2649 oecos
1384 2617 1444 2648 GC:
1460 2626 1569 2648 oecus
1584 2617 1621 2646 H
1634 2614 1726 2655 (Llc)

217 2686 248 2712 et
273 2686 350 2712 aute
375 2690 464 2714 corr.
493 2680 531 2711 G.
564 2676 579 2721 Η
607 2679 650 2709 24
676 2677 856 2709 accedunt
881 2678 917 2707 II
943 2675 1050 2716 (Llc):
1079 2673 1256 2706 accedent
1283 2674 1319 2707 G.
1346 2671 1360 2715 Η
1382 2682 1439 2705 res
1465 2674 1548 2703 sunt
1575 2672 1619 2703 G:
1645 2673 1728 2702 sunt

219 2776 275 2797 res
301 2770 380 2796 ante
405 2775 494 2796 corr.
522 2764 557 2794 Il
584 2731 828 2804 (L‚21111tses
862 2761 1048 2791 llczres
1080 2760 1162 2790 sunt
1192 2756 1247 2797 lc).
1288 2754 1302 2798 Η
1342 2758 1384 2788 25
1415 2755 1641 2787 thelamones
1679 2754 1725 2785 L:

221 2821 445 2852 tlnalamones
474 2820 538 2852 Gll
564 2817 635 2859 (Ic).
673 2818 734 2849 sed
758 2817 850 2856 infra
875 2828 902 2847 ι’.
929 2819 949 2847 5
971 2827 1006 2856 p.
1024 2825 1094 2856 seq.
1121 2813 1323 2845 telamones
1350 2812 1425 2844 GH.
1448 2809 1462 2853 Η
1485 2813 1608 2851 xystos
1634 2809 1729 2841 enim

223 2880 292 2907 «sn
312 2878 359 2907 sie
376 2877 450 2907 GH.
475 2874 490 2918 Η
512 2877 554 2907 26
574 2873 736 2915 anthlete
751 2876 827 2903 (mle
842 2883 929 2905 corr.
949 2874 986 2904 G.
1013 2869 1028 2914 Η
1050 2872 1091 2902 27
1109 2868 1272 2911 hyp&ros
1290 2869 1321 2899 L
1339 2868 1398 2909 (cf.
1413 2879 1450 2909 p.
1467 2869 1545 2905 123,
1564 2869 1607 2898 15
1619 2865 1727 2908 sqq.):

224 2931 385 2973 hyp&rus
412 2933 447 2963 H
473 2930 543 2972 (lc),
569 2931 745 2972 hypctrus
771 2926 862 2969 (ante
888 2929 951 2969 ips.
980 2938 1069 2961 corr.
1095 2925 1260 2968 hyptrus)
1288 2925 1326 2958 G.

1901 18 1909 85 „nm
