1909 3322
169 926 205 954 [O

168 1261 205 1290 15

226 196 308 236 248
876 204 1085 234 vrrssnvn

226 308 270 348 111
308 307 522 348 inferioris
563 305 748 347 trocleae
785 305 978 346 foramen
1015 307 1079 347 uti
1115 306 1312 362 aequalia
1350 306 1433 348 duo
1474 308 1615 363 capita
1655 308 1742 348 sint

230 375 341 415 funis
382 388 477 413 cum
517 374 597 414 erit
636 379 863 426 extensus,
913 373 1059 429 ibique
1099 373 1333 414 secundum
1371 374 1620 415 inferiorem
1657 381 1740 415 tro—

228 441 361 481 cleam
391 440 595 481 resticula
626 441 889 482 circumdata
922 447 962 481 et
994 447 1192 481 contenta
1214 447 1420 496 utraeque
1450 447 1593 497 partes
1625 441 1741 481 funis

227 509 512 561 continentur,
545 514 591 549 ut
621 522 758 563 neque
789 509 833 549 in
863 507 1061 548 dextram
1082 522 1221 563 neque
1253 509 1296 548 in
1328 508 1548 549 sinistram
1579 516 1743 564 partem

227 577 393 632 possint
431 574 616 631 prodire.
679 574 842 616 deinde
882 576 1023 631 capita
1060 575 1176 615 funis
1213 575 1459 617 referuntur
1496 577 1539 616 in
1579 591 1742 616 summa

226 642 385 685 troclea
414 643 469 684 ab
501 643 711 684 exteriore
749 648 870 699 parte
902 649 943 683 et
974 642 1218 683 deiciuntur
1248 643 1361 683 cirea
1391 642 1604 685 orbiculos
1636 644 1743 684 imos

228 717 269 751 et
300 709 479 751 redeunt
509 709 564 750 ad
594 711 726 751 imum
758 710 1080 765 coiciunturque
1111 709 1282 750 infimae
1319 710 1506 751 trocleae
1536 710 1591 750 ad
1631 710 1741 751 orbi-

228 776 344 818 culos
384 792 438 818 ex
477 777 679 819 interiore
718 783 839 833 parte
871 783 912 817 et
949 776 1194 817 referuntur
1225 776 1378 818 dextra
1409 792 1458 817 ac
1497 778 1672 818 sinistra
1703 785 1743 819 et

231 844 287 885 ad
313 850 455 903 *caput
495 846 608 886 circa
646 844 860 885 orbiculos
900 859 1087 885 summos
1127 844 1326 885 redeunt.
1393 846 1562 885 traiecti
1600 852 1742 886 autem

229 912 284 952 ab
318 913 531 953 exteriore
562 918 681 967 parte
712 912 910 952 feruntur
941 911 1095 952 dextra
1125 926 1174 952 ae
1205 912 1380 952 sinistra
1416 918 1669 969 tympanum
1700 913 1745 953 in

228 994 310 1019 axe
341 978 489 1034 ibique
519 986 566 1020 ut
596 979 801 1020 haereant
833 978 1118 1034 configantur.
1186 985 1277 1019 tum
1307 985 1449 1020 autem
1481 980 1594 1020 circa
1632 986 1742 1036 tym-

229 1061 388 1102 panum
418 1045 637 1087 involutus
671 1046 779 1087 alter
811 1046 923 1087 funis
955 1045 1140 1087 refertur
1170 1046 1224 1087 ad
1264 1053 1475 1101 ergatam,
1517 1054 1558 1088 et
1596 1048 1631 1087 is
1664 1049 1743 1088 cir-

229 1106 447 1154 cumactus
480 1120 734 1169 tympanum
765 1120 806 1155 et
836 1128 962 1154 axem
1121 1129 1166 1154 se
1196 1113 1461 1155 involvendo
1480 1115 1641 1169 pariter
1672 1130 1743 1155 ex-

230 1181 433 1233 tendunt,
474 1188 514 1221 et
552 1183 612 1222 ita
649 1180 803 1222 leniter
833 1181 980 1222 levant
1011 1196 1139 1222 onera
1170 1182 1261 1223 sine
1298 1181 1501 1237 periculo.
1563 1182 1676 1237 quod
1710 1184 1745 1223 si

232 1249 366 1289 maius
398 1254 651 1304 tympanum
683 1248 951 1290 conlocatum
981 1255 1056 1290 aut
1085 1250 1129 1289 in
1163 1248 1301 1290 medio
1332 1255 1406 1290 aut
1435 1250 1480 1290 in
1510 1264 1594 1290 una
1624 1255 1745 1305 parte

231 1322 424 1356 extrema
462 1317 592 1357 fuerit
631 1317 722 1356 sine
761 1322 929 1371 ergata,
971 1315 1183 1358 calcantes
1222 1315 1415 1357 homines
1455 1316 1744 1372 expeditiores

229 1383 388 1423 habere
418 1390 619 1439 poterunt
650 1385 791 1439 operis
824 1384 1011 1425 effectus.

347 1450 426 1491 Est
462 1457 605 1492 autem
649 1450 767 1491 aliud
804 1465 939 1505 genus
977 1451 1201 1491 machinae
1245 1453 1348 1492 satis
1384 1452 1663 1493 artificiosum
1703 1459 1743 1493 et

229 1517 283 1558 ad
322 1533 446 1558 usum
478 1517 709 1559 celeritatis
749 1517 1019 1574 expeditum,
1060 1517 1135 1558 sed
1167 1519 1211 1558 in
1243 1532 1290 1559 eo
1322 1518 1425 1559 dare
1456 1534 1627 1575 operam
1658 1535 1741 1560 non

175 1599 182 1613 >
232 1591 411 1640 possunt
441 1585 526 1625 nisi
557 1587 698 1641 periti.
751 1592 814 1625 est
846 1586 960 1625 enim
982 1587 1149 1640 tignum
1171 1585 1283 1641 quod
1307 1586 1489 1640 erigitur
1510 1592 1551 1626 et
1582 1587 1742 1627 disten-

232 1651 350 1692 ditur
380 1652 629 1693 retinaculis
670 1652 996 1709 quadrifariam.
1031 1653 1124 1694 ‘sub
1154 1652 1403 1694 retinaculis
1436 1652 1629 1694 chelonia
1660 1654 1743 1695 duo

231 1719 434 1773 figuntur,
466 1719 627 1761 troclea
657 1720 833 1760 funibus
855 1735 983 1775 supra
1005 1720 1200 1761 chelonia
1222 1719 1442 1775 religatur,
1475 1721 1554 1761 sub
1587 1721 1744 1762 troclea

231 1785 380 1840 regula
418 1785 546 1841 longa
585 1787 757 1828 circiter
794 1787 926 1843 pedes
965 1787 1092 1840 duos,
1140 1786 1225 1828 lata
1264 1787 1424 1841 digitos
1462 1803 1560 1841 sex,
1602 1804 1745 1829 crassa

233 1860 432 1908 quattuor
464 1855 731 1909 supponitur.
792 1854 976 1895 trocleae
1006 1861 1149 1896 ternos
1181 1854 1350 1895 ordines
1383 1855 1669 1897 orbiculorum
1702 1857 1744 1896 in

188 1934 201 1959 .-
232 1920 460 1961 latitudine
499 1920 706 1962 habentes
746 1921 1034 1962 conlocantur.
1106 1923 1167 1963 ita
1205 1928 1289 1962 tres
1323 1922 1506 1963 ductarii
1546 1923 1669 1964 funes
1701 1924 1746 1964 in

231 1986 429 2027 machina
460 1987 710 2042 religantur.
772 1988 927 2029 deinde
957 1989 1202 2030 referuntur
1222 1989 1277 2029 ad
1308 1990 1438 2030 imam
1469 1989 1674 2031 trocleam
1706 1997 1747 2031 et

325 2159 339 2187 1
367 2157 550 2188 inferioris
578 2158 605 2187 (ι’
632 2157 707 2197 (lc):
733 2168 835 2190 —res
862 2159 898 2188 ll
923 2158 998 2198 (L).
1023 2156 1037 2200 Η
1060 2160 1080 2190 4
1104 2169 1221 2199 neque
1240 2159 1276 2190 in
1295 2159 1457 2191 dextram
1476 2171 1535 2193 om.
1558 2162 1623 2191 (ill
1649 2161 1743 2201 (add.

232 2212 333 2253 Just).
367 2211 380 2255 Η
414 2215 431 2244 7
465 2213 668 2245 coiciuntur
694 2215 738 2246 G:
776 2214 1002 2246 coniciuntur
1026 2216 1072 2245 'H
1100 2213 1204 2256 (Lle).
1243 2213 1256 2257 Η
1295 2217 1314 2247 8
1346 2216 1473 2247 dextra
1505 2216 1653 2248 sinistra
1685 2216 1744 2258 (ac

233 2270 312 2302 add.
339 2270 428 2307 1Ιοικ,
460 2271 536 2301 item
560 2281 587 2301 v.
617 2272 671 2309 10)
699 2270 744 2301 ad
772 2268 823 2310 (et
850 2271 893 2301 ad
919 2271 993 2312 eqo)
1030 2271 1104 2302 GH.
1137 2268 1151 2312 Η
1184 2274 1202 2303 9
1235 2282 1388 2303 summos
1420 2272 1572 2303 redeunt
1602 2273 1746 2304 traiecti

234 2327 353 2355 autem
382 2326 451 2357 GH
474 2324 641 2364 (redeunt
666 2328 729 2357 del.
754 2328 839 2365 Joa,
868 2327 1023 2358 traiecta
1048 2338 1113 2360 ser.
1135 2326 1264 2367 seint).
1283 2325 1296 2369 Η
1321 2329 1361 2359 10
1388 2328 1565 2360 exteriore
1592 2329 1628 2359 Η
1654 2328 1743 2369 (l,l):

235 2382 331 2411 -a—ori
358 2382 385 2411 G
412 2381 476 2422 (elz,
504 2386 537 2413 ut
554 2382 593 2413 elz
619 2383 715 2413 eliam,
740 2394 766 2413 υ.
794 2386 812 2412 6
839 2388 869 2413 el
896 2383 1058 2414 interiori
1084 2395 1111 2414 υ.
1138 2385 1158 2415 8
1184 2388 1215 2414 et
1232 2394 1264 2424 p.
1286 2385 1362 2422 249,
1382 2384 1426 2424 1).
1451 2381 1464 2426 Η
1488 2384 1653 2415 feruntur
1680 2386 1745 2416 GH

235 2437 457 2468 [reseruntur
481 2438 584 2476 loa).
617 2435 632 2479 Η
666 2439 704 2468 12
731 2441 767 2469 et
799 2439 828 2469 is
863 2439 930 2478 (his
956 2438 1070 2479 Hllle)
1104 2439 1201 2469 011·οῆ
1237 2440 1366 2470 auctus
1399 2441 1604 2481 tympanum
1638 2440 1742 2478 (-—n[1

238 2494 276 2524 [ι’]
311 2496 346 2523 et
372 2503 474 2525 axem
509 2492 585 2533 (-(’3
613 2494 652 2533 G)
686 2503 723 2524 se
750 2495 967 2525 involvendo
992 2494 1129 2535 pariter
1155 2495 1355 2525 extendunt
1380 2495 1449 2526 GH
1472 2495 1522 2536 (et
1548 2496 1578 2527 is
1597 2497 1745 2527 eircum-

236 2551 340 2579 actus
373 2552 581 2591 tympanum
613 2552 648 2580 et
681 2559 783 2580 axem
810 2554 948 2585 versat,
986 2551 1091 2581 funes
1125 2551 1257 2581 circum
1295 2562 1398 2582 axem
1429 2561 1466 2582 se
1499 2552 1570 2583 inv*
1603 2563 1636 2593 p.
1673 2555 1743 2586 ext,

240 2604 327 2634 Mar.
361 2605 404 2645 ef.
432 2604 535 2645 Joc.).
567 2603 581 2647 Η
621 2606 659 2635 1ss
692 2605 818 2636 fuerit:
858 2607 905 2636 si(-
933 2606 1007 2637 Gll.
1048 2603 1062 2647 Η
1098 2609 1220 2646 ergate
1246 2608 1285 2637 le.
1325 2605 1338 2648 Η
1378 2607 1617 2648 expeditiores
1652 2608 1742 2640 LvJet

237 2662 378 2690 ·—tores
401 2660 465 2691 GH
491 2659 563 2701 (L).
596 2658 609 2703 Η
643 2662 681 2692 17
709 2663 879 2701 poterunt
906 2662 1012 2692 lllmn:
1047 2662 1179 2702 poterit
1212 2662 1287 2692 (ill.
1322 2660 1335 2703 Η
1367 2664 1409 2693 20
1434 2662 1653 2693 distenditur
1680 2663 1744 2693 Gll

238 2715 448 2748 (distinetur
472 2716 572 2758 loa).
605 2714 618 2758 Η
650 2718 689 2747 21
718 2717 781 2747 sub
809 2717 1022 2748 retinaculis
1047 2718 1139 2748 loa:
1168 2716 1244 2746 -lo
1264 2718 1339 2747 (r'H.
1365 2715 1379 2758 Η
1404 2718 1545 2750 colonia
1565 2718 1631 2748 (r'll
1656 2718 1745 2758 (item

241 2770 308 2802 225.
342 2768 356 2812 Η
387 2773 428 2802 22
456 2772 602 2803 funibus
625 2772 718 2803 λοιπε
757 2772 853 2803 funis
881 2774 955 2805 (r'll.
988 2770 1001 2811 Η
1035 2772 1173 2803 troclea
1198 2772 1345 2813 aregula
1372 2774 1441 2804 (ill
1463 2774 1499 2811 (a
1524 2774 1588 2804 del.
1616 2774 1697 2811 eth).
1740 2810 1741 2813 Ἰ

238 2827 278 2855 21
306 2821 475 2866 quattuor
506 2828 543 2858 H
573 2826 682 2867 (Lle):
722 2828 873 2859 1111.(‚'.
907 2826 921 2869 Η
962 2830 1002 2859 25
1034 2828 1240 2859 latitudine:
1277 2829 1325 2857 si(-
1359 2829 1434 2858 (ill.
1466 2826 1480 2869 Η
1521 2829 1573 2858 ita
1606 2832 1678 2859 tres
1713 2830 1745 2858 Η

241 2881 347 2919 (ΙιΙο);
376 2883 427 2912 ita
447 2883 543 2915 JIII.
565 2884 600 2912 G.
626 2881 639 2924 Η
665 2884 700 2914 in
726 2883 912 2915 machina:
939 2885 987 2915 sie
1015 2884 1083 2915 GH
1106 2882 1140 2924 (i.
1160 2894 1187 2915 e.
1215 2885 1250 2915 in
1276 2893 1411 2915 summo
1438 2884 1627 2916 machinae
1645 2885 1745 2925 doen).

1770 855 1787 883 7
