1909 3322
146 956 186 985 10

150 1293 189 1322 15

209 231 288 273 132
854 233 1063 264 vrrvan

207 347 349 398 potest
386 351 554 380 nocere.
620 350 706 376 non
743 336 884 376 minus
924 349 1017 374 eam
1061 333 1317 374 sententiam
1354 329 1552 385 augendo
1583 329 1720 369 Theo-

208 409 430 464 phrastus,
469 403 679 445 hort-ando
717 402 864 443 doctos
901 402 1044 457 potius
1084 414 1177 441 esse
1215 413 1341 454 quam
1378 398 1585 452 pecuniae
1623 410 1721 437 con-

208 475 388 515 fidentes
419 473 480 513 ita
510 472 645 528 ponit,
677 470 849 511 doctum
880 484 934 510 ex
966 467 1164 509 omnibus
1194 465 1330 507 solum
1350 478 1488 519 neque
1508 464 1550 503 in
1572 462 1722 503 alienis

208 542 312 583 locis
352 540 627 596 peregrinum
664 551 802 593 neque
848 536 1018 576 amissis
1065 532 1353 575 familiaribus
1392 537 1434 571 et
1470 529 1723 570 necessariis

210 610 382 664 inopem
411 608 644 648 amicorum
676 604 752 646 sed
782 605 827 644 in
857 604 972 644 omni
1003 602 1180 643 civitate
1211 614 1304 640 esse
1334 599 1474 639 civem
1505 595 1724 639 difficiles-

211 690 292 732 que
322 675 521 716 fortunae
560 674 652 714 sine
688 673 841 713 timore
874 684 999 726 posse
1029 669 1251 724 despicere
1282 681 1426 718 casus,
1464 671 1508 706 at
1539 664 1612 720 qui
1641 678 1726 704 non

211 743 503 784 doctrinarum
534 740 609 781 sed
639 738 859 779 felicitatis
881 736 1108 793 praesidiis
1130 740 1301 790 putaret
1323 748 1368 774 se
1389 747 1482 774 esse
1502 730 1723 782 vallatum,

210 810 367 851 labidis
398 807 625 850 itineribus
657 806 889 847 vadentem
918 819 1004 845 non
1025 802 1171 847 stabili
1193 801 1270 842 sed
1297 801 1467 841 infirma
1488 797 1725 840 conflictari

211 878 315 918 vita.
377 876 593 931 Epicurus
625 888 728 914 vero
765 887 851 913 non
888 869 1157 911 dissimiliter
1194 870 1255 909 ait
1291 882 1427 924 pauca
1457 864 1725 922 sapientibus

212 946 429 986 fortunam
465 942 675 993 tribuere,
717 954 825 995 quae
861 945 1006 979 autem
1043 938 1233 978 maxima
1272 942 1313 976 et
1341 934 1584 976 necessaria
1614 938 1727 985 sunt,

213 1013 346 1053 animi
390 1011 630 1064 mentisque
676 1005 1012 1062 cogitationibus
1056 1004 1303 1059 gubernari.
1362 1002 1467 1043 haec
1504 1002 1564 1042 ita
1601 1000 1729 1040 etiam

214 1079 357 1135 plures
389 1076 631 1133 philosophi
662 1075 880 1115 dixerunt.
939 1087 1025 1113 non
1062 1073 1201 1112 minus
1240 1077 1390 1126 poetae
1428 1069 1501 1125 qui
1531 1068 1728 1122 antiquas

216 1145 460 1187 comoedias
491 1157 643 1197 graece
675 1143 953 1197 scripserunt,
986 1139 1159 1179 easdem
1190 1138 1422 1178 sententias
1454 1135 1654 1176 versibus
1685 1135 1730 1174 in

216 1227 371 1255 scaena
402 1211 804 1267 pronuntiaverunt⁷
836 1214 883 1248 ut
914 1207 1123 1247 Eucrates
1147 1205 1381 1246 Chionides
1403 1201 1730 1258 Aristophanes,

214 1281 404 1321 maxime
436 1278 564 1318 etiam
597 1292 692 1317 cum
724 1276 789 1316 his
821 1275 992 1327 Alexis7
1025 1275 1098 1329 qui
1128 1272 1416 1313 Athenienses
1446 1271 1507 1311 ait
1537 1275 1732 1325 oportere

216 1348 313 1388 ideo
344 1345 510 1386 laudari
543 1344 656 1399 quod
688 1344 875 1384 omnium
908 1342 1170 1383 Graecorum
1201 1339 1317 1394 leges
1349 1344 1505 1392 cogunt
1534 1341 1732 1393 parentes

219 1414 278 1455 ali
308 1429 333 1454 a
364 1412 534 1465 liberis,
575 1411 906 1451 Atheniensium
944 1424 1029 1450 non
1068 1421 1214 1449 omncs
1253 1407 1338 1447 nisi
1369 1420 1440 1446 eos
1473 1405 1546 1460 qui
1576 1403 1733 1444 liberos

219 1481 385 1522 artibus
409 1479 663 1519 erudissent.
716 1478 859 1518 onmia
891 1477 1005 1516 euim
1036 1489 1213 1515 munera
1244 1474 1439 1514 fortunae
1462 1487 1558 1512 cum
1580 1471 1736 1511 dantur

222 1549 276 1589 ab
308 1563 356 1588 ea
387 1546 573 1586 faciliter
603 1545 874 1596 adimuntur,
915 1541 1170 1598 disciplinae
1208 1556 1310 1581 vero
1350 1541 1601 1581 coniunctae
1639 1552 1734 1578 cum

220 1616 375 1656 animis
406 1612 521 1653 nullo
552 1619 744 1668 tempore
776 1611 1003 1662 deficiunt,
1044 1608 1119 1650 sed
1150 1613 1400 1664 permanent
1437 1605 1651 1648 stabiliter
1680 1604 1735 1644 ad

222 1696 432 1723 summum
479 1680 642 1720 exitum
686 1680 814 1719 vitae.
890 1678 1035 1732 itaque
1081 1690 1160 1730 ego
1204 1676 1413 1715 maximas
1460 1673 1767 1727 infinitasque=

221 1748 472 1805 parentibus
494 1762 574 1801 ago
596 1753 724 1801 atque
745 1745 882 1786 habeo
903 1745 1079 1799 gra-tiaS,
1113 1743 1226 1798 quod
1247 1742 1578 1783 Atheniensium
1598 1739 1736 1794 legem

222 1817 452 1873 probantes
490 1829 557 1854 me
595 1820 687 1854 arte
725 1812 1008 1853 erudiendum
1048 1817 1325 1862 curaverunt,
1365 1816 1407 1850 et
1438 1823 1486 1848 ea
1517 1822 1624 1863 quae
1652 1821 1738 1847 non

223 1890 364 1940 potest
395 1896 488 1923 esse
518 1881 699 1936 probata
730 1881 821 1920 sine
851 1879 1092 1919 litteratura
1131 1876 1409 1933 encyclioque
1447 1874 1738 1916 doctrinarum

183 1963 194 1969 ·
225 1952 413 1992 omnium
459 1947 701 2003 disciplina.
769 1961 865 1987 eum
904 1961 1003 2000 ergo
1036 1952 1076 1985 et
1113 1945 1355 2000 parentium
1400 1957 1501 1983 cura
1541 1948 1581 1982 et
1617 1955 1737 1998 prae-

228 2024 447 2073 ceptorum
498 2015 703 2055 doctrinis
755 2019 901 2053 auctas
952 2013 1152 2053 haberem
1205 2011 1348 2066 copias
1400 2008 1737 2065 disciplinarum,

228 2083 459 2140 philologis
490 2089 528 2122 et
551 2081 836 2137 philotechnis
858 2080 984 2119 rebus
1009 2079 1493 2132 conimcntariorunlque
1515 2077 1739 2132 scripturis

228 2167 296 2191 inc
328 2150 545 2190 delectans
577 2163 647 2189 eas
679 2148 970 2204 possessiones
1009 2147 1150 2187 animo
1183 2146 1353 2201 paravi,
1396 2159 1418 2184 e
1449 2143 1602 2199 quibus
1634 2143 1739 2183 haec

322 2356 340 2384 2
366 2351 560 2384 hortando:
591 2352 639 2382 sic
665 2351 776 2382 ΕΘΗ.
809 2347 823 2392 Η
855 2352 874 2381 6
900 2350 1080 2391 dispicere
1113 2355 1190 2381 ante
1221 2359 1310 2382 corr.
1339 2349 1365 2379 Θ
1392 2346 1470 2389 (non
1495 2347 1556 2389 E).
1588 2344 1603 2390 [Ι
1636 2349 1653 2379 7
1680 2357 1740 2389 pu-

234 2414 329 2441 taret
354 2420 392 2440 se
420 2418 499 2439 esse
527 2408 592 2438 ΘΗ
617 2405 675 2446 (l):
708 2409 813 2446 putat
839 2416 916 2437 esse
943 2415 980 2436 se
1006 2405 1037 2436 E
1064 2403 1225 2446 (putaret
1251 2413 1329 2435 esse
1355 2404 1410 2442 cle,
1446 2404 1566 2444 putari
1596 2413 1633 2434 se
1661 2413 1741 2434 esse

236 2466 292 2506 L).
325 2463 340 2507 ll
371 2466 390 2495 8
416 2463 551 2495 labidis
577 2463 613 2493 Il
639 2461 750 2502 (Llc).·
776 2462 908 2503 lapidis
929 2461 992 2492 ΕΘ
1011 2458 1072 2502 (Gc
1088 2471 1192 2502 supra
1215 2459 1231 2490 1
1248 2459 1392 2495 labidis,
1417 2461 1480 2491 sed
1499 2464 1619 2500 postea
1642 2469 1742 2490 eraso

235 2521 294 2552 vel
319 2522 427 2562 prima
450 2528 564 2550 manus
588 2519 676 2548 linea
698 2518 859 2549 subducta
884 2516 1039 2557 deletur).
1068 2514 1083 2558 ΙΙ
1114 2515 1258 2547 stabilis
1286 2515 1320 2545 H
1346 2514 1417 2555 (le).
1449 2512 1464 2556 l}
1502 2516 1521 2546 9
1546 2515 1742 2555 Epicurrus

234 2581 311 2607 (mle
336 2587 425 2607 corr.
453 2575 491 2607 G.
522 2571 537 2616 ll
571 2574 623 2604 ait
646 2573 738 2604 -Joe.:
766 2576 829 2604 aut
847 2573 951 2603 ΕΘΗ
974 2572 1027 2611 (Ic,
1055 2572 1145 2603 haut
1170 2572 1234 2609 EC,
1260 2570 1356 2601 haud
1382 2569 1440 2611 L).
1474 2568 1488 2612 [Ι
1520 2571 1634 2611 pauca
1648 2569 1707 2602 EC.
1725 2568 1739 2609 ll

237 2635 275 2664 11
305 2633 432 2663 etiam:
458 2631 507 2661 sic
538 2630 647 2661 ΕΘΗ.
680 2626 694 2670 ΙΙ
728 2630 767 2660 13
792 2629 970 2670 scripsere
996 2628 1028 2659 E
1054 2627 1133 2668 (non
1160 2626 1213 2667 G).
1245 2625 1259 2668 Il
1290 2627 1326 2656 in
1345 2636 1467 2658 scema
1492 2626 1524 2657 E
1551 2622 1741 2667 (71071G).l}

237 2690 277 2719 14
304 2690 470 2718 eucrates
494 2685 613 2716 EGH:
641 2683 769 2715 Crates
794 2684 958 2716 Bondam.
991 2681 1005 2725 Η
1038 2685 1079 2715 15
1104 2686 1269 2724 oportere
1295 2681 1394 2713 ideo:
1425 2683 1473 2712 sic
1503 2681 1616 2712 EGH.
1649 2678 1664 2721 Η
1703 2681 1742 2711 17

239 2743 286 2773 ali
313 2754 334 2774 a
358 2743 485 2774 liberis
510 2743 562 2773 ed.
590 2739 708 2781 (rce.):
736 2740 883 2771 aliberis
909 2740 1012 2771 ΕΘΗ
1037 2739 1136 2779 (Llc).
1161 2736 1176 2780 Η
1200 2739 1239 2769 18
1265 2739 1433 2769 fortunae
1460 2736 1564 2776 (—ne
1593 2735 1629 2772 G,
1655 2746 1745 2777 —ne

240 2798 351 2837 El‘1'‹·):
384 2800 432 2829 3ιό
456 2797 568 2828 ΕΘΗ.
602 2794 616 2838 Η
655 2798 694 2827 19
726 2795 903 2827 faciliter:
942 2797 990 2826 sie
1020 2795 1134 2826 ΕΘΗ.
1173 2791 1187 2835 ΙΙ
1223 2795 1264 2825 24
1295 2793 1502 2824 litteratura
1533 2792 1604 2824 ed.:
1636 2801 1744 2822 —rae

242 2852 338 2894 (-¹'‘2
371 2854 446 2892 ΕΘ)
482 2853 592 2883 ΕΘΗ.
632 2849 646 2894 Η
683 2853 725 2882 25
757 2851 957 2891 parentium
991 2851 1060 2881 ΘΗ
1082 2849 1172 2890 (Lz):
1209 2851 1400 2891 parentum
1431 2848 1512 2879 EGc
1544 2847 1624 2888 (elz).
1657 2844 1672 2889 Η
1703 2846 1744 2877 26

241 2908 375 2938 habere
405 2909 431 2937 G
450 2908 544 2947 (—rc
572 2906 630 2949 E).
661 2905 676 2949 Η
708 2908 748 2938 27
775 2906 1034 2948 philotechinis
1060 2906 1162 2937 ΕΘΗ
1187 2904 1290 2946 (hle).
