1899 3322
598 225 657 253 DE
689 225 1043 258 ARCHITECTURA
1076 229 1167 259 LlB.
1202 231 1241 258 v.
1606 222 1682 263 105

157 326 242 368 reis
281 324 494 383 epistyliis
532 325 745 368 adornant
784 334 826 368 et
863 343 993 384 supra
1030 330 1344 373 ambulationes
1383 333 1427 373 in
1459 334 1678 389 contigna-

157 392 347 435 tionibus
378 393 555 435 faciunt.
617 393 770 435 Italiae
801 409 903 436 vero
934 396 1113 438 urbibus
1145 413 1228 438 non
1258 399 1406 440 cadem
1431 406 1493 441 est
1516 403 1680 443 ratione

157 461 427 514 faciendum,
470 460 571 512 ¹ideo
611 461 725 518 quod
770 477 795 502 a
831 462 1068 505 maioribus
1115 460 1378 508 consuetudo
1418 469 1577 510 tradita
1617 479 1680 510 est

111 544 131 574 2
156 528 417 585 gladiatoria-
452 543 631 570 munera
669 530 714 570 in
750 528 843 571 foro
883 529 991 588 dari.-
1059 532 1192 586 igitur
1239 534 1397 574 circum
1435 536 1681 592 spectacula

157 597 413 654 spatiosiora
443 596 775 639 intercolumnia
805 597 1124 640 distribuantur
1146 600 1345 657 circaque
1377 604 1420 643 in
1441 603 1678 659 porticibus

155 665 426 720 argentariae
456 664 661 706 tabernae
681 666 991 723 maenianaque
1022 667 1317 723 superioribus
1350 671 1678 713 coaxationibus·

156 731 447 786 conlocentur,
480 747 589 789 qua-e
621 739 663 774 et.
693 732 749 774 ad
779 749 902 775 usum
935 741 976 775 et
1007 733 1064 775 ad
1095 734 1327 790 vectigalia
1357 736 1530 792 publica
1563 747 1678 781 recte

156 807 283 842 erunt
313 799 538 857 disposita.

267 867 593 923 Magnitudines
625 876 771 910 autem
807 869 863 910 ad
902 870 1069 925 copiam
1100 869 1322 911 hominum
1363 880 1531 927 oportet
1570 874 1676 928 fieri,

155 951 208 978 ne
238 951 421 994 parvum
452 937 640 993 spatium
671 937 726 978 sit
757 935 813 977 ad
831 951 968 979 *usum
998 946 1071 979 aut
1101 952 1155 978 ne
1186 945 1362 994 propter
1382 940 1573 996 inopiam
1604 957 1676 999 po-

153 1003 245 1061 puli
275 1011 448 1045 vastum
477 1003 618 1045 forum
649 1003 862 1046 videatur.
924 1004 1107 1047 latitudo
1145 1014 1289 1048 autem
1320 1007 1383 1048 ita
1412 1007 1587 1050 finiatur
1616 1011 1679 1052 uti

152 1071 379 1128 longitudo
409 1072 455 1113 in
484 1078 571 1113 tres
602 1079 745 1128 partes
777 1087 874 1114 cum
905 1072 1049 1114 divisa
1078 1073 1224 1127 fuerit,
1258 1088 1313 1114 ex
1343 1074 1409 1116 his
1443 1075 1552 1117 duae
1583 1092 1678 1134 par-

153 1146 216 1182 tes
256 1140 295 1180 ei
337 1139 508 1181 dentur.
567 1141 628 1181 ita
666 1141 780 1181 enim
825 1141 906 1182 erit
943 1139 1129 1196 oblonga
1169 1142 1261 1183 eius
1302 1141 1500 1185 formatio
1543 1152 1583 1186 et
1623 1145 1678 1186 ad

108 1224 128 1255 3
155 1206 496 1264 spectaculorum
525 1208 737 1250 rationem
757 1207 876 1249 utilis
900 1207 1140 1265 dispositio.
1191 1208 1414 1251 columnae
1436 1213 1677 1268 superiores

154 1281 308 1331 quarta
343 1281 465 1331 parte
502 1276 691 1318 minores
738 1291 865 1332 quam
913 1275 1140 1318 inferiores
1188 1284 1286 1318 sunt
1333 1280 1676 1335 constituendae,

153 1349 381 1398 propterea
411 1342 526 1399 quod
556 1344 675 1386 oneri
706 1343 883 1385 ferendo
906 1358 1014 1400 quae
1035 1352 1133 1385 sunt
1154 1345 1361 1387 inferiora
1382 1345 1573 1389 firmiora
1605 1347 1676 1389 de—

152 1409 257 1452 bent
287 1424 380 1452 esse
411 1425 539 1467 quam
561 1412 796 1468 superiora,
828 1426 914 1453 non
944 1411 1086 1453 minus
1109 1412 1222 1469 quod
1255 1414 1386 1454 etiam
1406 1416 1677 1457 nascentium

153 1484 321 1534 oportet
358 1478 521 1520 imitari
559 1487 777 1532 naturam,
825 1489 871 1521 ut
919 1471 964 1520 in
995 1478 1221 1522 arboribus
1261 1481 1494 1536 teretibus,
1535 1482 1677 1524 abiete

153 1559 355 1602 cupresso
393 1546 512 1602 pinu,
546 1560 567 1586 e
598 1546 754 1603 quibus
785 1546 905 1588 nulla
934 1562 1021 1589 non
1052 1549 1237 1589 crassior
1269 1556 1331 1589 est
1362 1549 1417 1590 ab
1439 1550 1675 1604 radicibus,

152 1612 310 1654 deinde
340 1627 437 1653 cum
468 1608 700 1656 crescendo
739 1614 933 1671 procedit
971 1615 1016 1655 in
1046 1613 1322 1656 altitudinem
1353 1617 1539 1658 naturali
1578 1633 1674 1659 con—

150 1687 340 1723 tractura
378 1689 663 1738 peraequatur
693 1696 874 1723 nascens
912 1681 967 1723 ad
1006 1697 1223 1724 cacumen.
1296 1699 1396 1739 ergo
1443 1686 1480 1726 si
1523 1695 1675 1726 natura

151 1750 422 1791 nascentium
452 1751 512 1791 ita
543 1749 752 1807 postulat,
792 1757 908 1791 recte
948 1756 1013 1791 cst-
1044 1752 1323 1791 constitutum
1362 1759 1401 1792 ct
1434 1752 1673 1794 altitudini-

152 1817 231 1858 bus
264 1823 306 1858 et
337 1816 698 1859 crassitudinibus
721 1819 942 1874 superiora
964 1817 1217 1859 inferiorum
1249 1817 1341 1859 fieri
1375 1820 1673 1862 contractiora.

105 1902 126 1932 4
263 1883 548 1926 Basilicarum
579 1884 671 1926 loca
702 1885 905 1927 adiuncta
935 1885 1040 1927 foris
1072 1900 1199 1941 quam
1231 1885 1509 1929 calidissimis
1541 1889 1672 1944 parti-

152 1951 232 1994 bus
263 1958 430 2009 oportet
462 1953 680 2006 constitui,
712 1959 759 1994 ut
789 1967 865 2010 per
896 1953 1078 1994 hiemem
1110 1954 1202 1995 sine
1224 1952 1421 1995 molestia.
1442 1962 1672 2012 tempesta·
1700 1972 1718 1999 2

150 2020 259 2061 tium
290 2034 336 2061 se
367 2020 562 2062 conferre
593 2022 637 2062 in
669 2035 739 2062 eas
770 2021 1060 2076 negotiatores
1092 2021 1280 2077 possint,
1314 2035 1544 2079 earumque
1576 2022 1671 2065 lati-

151 2086 324 2129 tudines
355 2103 408 2129 ne
438 2089 578 2130 minus
612 2104 739 2146 quam
771 2103 824 2130 ex
855 2089 1003 2142 tertia,
1035 2103 1088 2129 ne
1120 2088 1214 2145 plus
1250 2104 1375 2145 quam
1409 2104 1462 2130 ex
1494 2089 1672 2132 dimidia

150 2153 435 2210 longitudinis
476 2158 815 2208 constituantur,
855 2156 941 2197 nisi
979 2157 1016 2197 si
1054 2155 1137 2197 loci
1174 2163 1324 2198 natura
1362 2157 1593 2213 inpedierit
1634 2171 1672 2199 vt

150 2221 275 2264 aliter
320 2225 510 2279 coegerit
562 2225 859 2280 symmetriam
911 2225 1178 2265 commutari.
1254 2225 1322 2265 sin
1366 2231 1508 2266 autem
1553 2225 1671 2267 locus

151 2291 232 2331 erit
269 2289 452 2346 amplior
488 2292 533 2331 in
571 2290 862 2346 longitudine,
910 2291 1147 2333 chalcidica
1185 2293 1230 2333 in
1270 2293 1474 2333 extremis
1514 2294 1669 2334 consti-
1698 2310 1716 2336 ;;

239 2407 261 2436 4
292 2404 514 2447 gladiatoria
547 2406 612 2438 GH
644 2404 707 2448 (L,
747 2407 973 2449 gradiatoria
1003 2405 1061 2447 Ie).
1098 2405 1114 2449 Η
1152 2408 1172 2438 6
1203 2407 1323 2449 menia
1352 2417 1468 2448 uaque
1503 2407 1545 2443 G,
1578 2418 1672 2439 moe-

149 2461 297 2503 nianaq;
320 2462 324 2502 fi
347 2463 383 2493 H
415 2461 574 2502 (moenia
606 2473 762 2504 namque
795 2464 859 2500 Δι’,
892 2463 1037 2495 moenia
1068 2472 1187 2505 naquc
1221 2466 1246 2501 l,
1289 2464 1432 2495 moenia
1471 2466 1586 2505 usique
1620 2465 1669 2500 cle,

149 2517 723 2575 m}n1afli151que=1noeniaque
757 2531 829 2570 GC).
862 2528 876 2572 Η
910 2532 950 2562 13
988 2530 1020 2562 ei
1058 2530 1188 2563 dentur
1219 2533 1311 2564 ιΙοε.;
1349 2531 1520 2562 iubentur
1555 2532 1629 2562 GH.

150 2599 465 2660 adffiectaeulorum
484 2620 548 2651 HG.
570 2617 585 2663 Η
614 2622 653 2652 14
671 2621 775 2653 utilis
790 2622 827 2652 H
840 2620 950 2661 (Lu->z
971 2624 1007 2653 et
1026 2584 1131 2660 θ’,υῗιὲἒ
1150 2622 1220 2662 GC).
1238 2619 1253 2663 Η
1272 2623 1310 2653 19
1331 2631 1501 2663 cupresso
1522 2619 1666 2660 G(Llc›:

152 2684 350 2716 cupraessu
377 2676 421 2707 H.
446 2673 461 2718 ΙΙ
484 2676 588 2717 Ρίυιιτ
614 2677 663 2708 sic·
681 2677 756 2709 GH.
791 2675 805 2720 Η
828 2679 870 2709 20
895 2677 1026 2709 deinde
1042 2688 1122 2709 cum
1140 2678 1187 2717 (ὗ)
1207 2677 1403 2709 crescendo
1429 2687 1508 2716 esso:
1536 2676 1667 2708 deinde

152 2729 255 2769 (—de
277 2729 282 2773 Ι
306 2731 554 2771 G)crescendo
567 2732 643 2767 GH.
662 2730 676 2775 ΙΙ
694 2733 856 2775 procedit
869 2744 948 2772 eqo:
964 2734 1172 2775 proceditur
1190 2734 1309 2774 HUAc
1322 2731 1421 2775 [zvf])‚
1440 2732 1670 2774 progreditur

154 2785 180 2815 G
199 2784 275 2825 (ὴῖ).
291 2785 305 2826 ΙΙ
324 2788 363 2818 21
380 2791 622 2829 peraequatur
635 2800 712 2830 eyo:
732 2793 817 2821 —ta
838 2789 912 2821 GH.
932 2787 946 2831 Η
963 2790 1004 2821 25
1020 2791 1292 2831 tempestatium
1309 2788 1448 2828 ll(Lc):
1466 2791 1624 2820 —tatum
1643 2791 1669 2820 (i

152 2840 212 2882 (h).
239 2839 254 2884 [Ι
275 2844 316 2874 ‘27
344 2853 414 2885 qua
442 2854 486 2875 ex
511 2850 588 2876 (mle
605 2855 696 2877 corr.
717 2845 755 2877 G.
778 2844 793 2887 Η
816 2845 896 2886 plus
915 2855 958 2876 ex
976 2845 1125 2877 dimidia
1146 2847 1210 2877 Gli
1230 2848 1348 2886 (quam
1366 2845 1445 2876 add.
1463 2844 1567 2885 Μαι).
1590 2843 1604 2886 ΙΙ
1627 2845 1669 2876 ⁵28

152 2919 221 2951 uisi
248 2921 279 2952 st
305 2919 376 2953 1001
402 2922 569 2963 mecm,
596 2924 668 2956 nisi
684 2924 756 2957 1001
780 2924 850 2964 cm:
878 2923 948 2956 nisi
966 2924 1027 2957 sili
1041 2929 1119 2957 ante
1133 2935 1223 2957 corr.
1246 2924 1282 2955 G.
1314 2921 1328 2966 Η
1361 2925 1403 2956 30
1420 2905 1586 2955 chafaica
1605 2924 1668 2955 Hc.

1705 616 1724 645 Γ)

1706 955 1746 983 1⁴)

1705 1294 1745 1323 15

1701 1633 1743 1662 θη)
