1899 3322
61 590 81 621 υἱ

39 928 79 959 10

38 1267 78 1297 15

35 1606 77 1636 20

34 1946 78 1976 25

351 210 414 240 DE
445 210 658 242 DIVERSIS
690 211 901 242 FABRICIS
934 211 1383 243 ARCHITECTONICAE.
1546 201 1628 243 303

108 317 150 352 et
186 310 352 353 nullum
392 326 586 353 umorem
626 311 682 352 ad
719 312 925 354 inferiora
969 313 1183 356 admittet.
1241 321 1391 370 postea
1427 313 1628 355 nucleum

107 393 185 419 sex
216 379 452 434 digitorum
482 379 676 433 induces,
709 385 750 420 et
780 379 1029 435 frequenter
1060 380 1238 422 fricabis
1269 396 1323 422 ne
1345 388 1459 423 setas
1481 381 1627 435 faciat,

107 452 149 486 et
178 452 387 487 tesseram
425 446 607 488 duorum
637 452 710 487 aut
745 447 875 487 trium
907 447 1142 502 digitorum
1172 448 1303 490 latam
1334 464 1463 505 supra
1493 449 1626 505 inpri-

105 528 195 555 mes
239 520 314 555 aut
351 513 522 555 tabulas
562 528 1057 570 quammagnascumque
1100 530 1381 570 marmoreas,
1426 523 1474 557 ut
1510 515 1627 557 nullo

106 580 233 622 modo
265 581 431 622 fabrica
462 582 610 622 vitiari
640 583 792 637 possit.
840 582 877 623 si
909 583 1004 637 quis
1035 590 1179 624 autem
1210 583 1462 639 diligentius
1487 584 1627 624 facere

105 647 235 700 volet,
268 648 467 690 omnibus
498 650 623 690 annis
655 655 754 690 ante
784 649 973 690 hiemem
1003 651 1223 692 iuncturas
1254 653 1402 692 axium
1432 651 1626 692 faecibus

105 716 319 771 perungui
349 715 494 757 faciat.
554 723 745 758 testacea
781 718 947 773 spicata
977 717 1188 759 tiburtina-
1218 719 1311 774 pari
1342 719 1467 761 modo
1499 719 1625 760 frica-

103 784 212 825 turis
245 789 285 823 ct
316 783 596 840 politionibus
629 792 925 826 exerceantur.

216 850 270 891 In
306 850 471 893 albario
511 866 639 908 opere
677 852 837 893 calcem
874 853 937 893 sic
967 853 1149 909 probare
1180 853 1375 895 debebis.
1435 855 1478 894 in
1510 854 1628 895 fossa

1667 857 1731 883 XX.
1769 857 1806 883 D«-

1650 892 1724 917 calce
1766 901 1827 926 pro«

105 917 287 972 calcem,
328 934 436 975 quae
466 919 599 961 multo
638 926 738 961 ante
767 927 959 976 tempore
990 920 1121 961 fuerit
1150 928 1387 974 macerata,
1429 922 1482 962 de
1512 923 1629 963 ascia
1650 927 1826 959 imn‹1a0,‚.·1-z

105 987 227 1042 quasi
257 985 425 1041 lignum
456 987 647 1041 dolabis,
690 995 731 1029 et
761 989 895 1029 aciem
928 988 964 1029 si
994 1003 1205 1044 nusquam
1237 990 1468 1046 impegeris
1499 996 1627 1045 atque

103 1054 342 1095 adhaerens
373 1056 515 1095 asciae
546 1056 715 1096 viscosa
746 1055 981 1108 videbitur,
1015 1057 1175 1111 optima
1205 1058 1283 1098 crit
1306 1058 1425 1113 operi
1446 1056 1624 1098 albario.

102 1128 298 1163 recenter
329 1124 522 1163 extincta
552 1129 593 1163 et
625 1122 836 1164 calculosa
868 1125 905 1164 si
935 1122 1087 1177 fucrit,
1130 1123 1232 1164 dum
1264 1126 1500 1165 siccescere
1531 1139 1623 1166 coe-

102 1190 215 1245 perit
246 1188 400 1230 calculi
432 1197 609 1245 crepant
641 1197 683 1231 et
713 1190 887 1232 inutiles
919 1191 1053 1231 rimae
1075 1192 1194 1247 operi
1217 1192 1473 1233 efficientur.
1510 1192 1625 1233 unde

102 1257 299 1312 proxime
331 1258 567 1299 extinctam
598 1259 643 1298 in
674 1273 780 1314 opus
811 1258 1023 1299 albarium
1054 1260 1225 1300 mittere
1255 1274 1341 1301 non
1372 1266 1553 1315 oportet.

219 1324 424 1365 Gamerae
463 1340 564 1380 ergo
595 1327 817 1366 canniciae
849 1327 911 1367 sic
941 1333 1066 1367 erunt
1096 1327 1406 1383 disponendae.
1457 1341 1624 1368 asseres

103 1392 277 1447 abiegni
307 1392 363 1432 ad
393 1391 551 1433 lineam
580 1400 653 1434 aut
683 1393 877 1448 regulam
904 1392 1141 1449 aequaliter
1163 1394 1420 1450 dirigantur,
1452 1409 1506 1435 ne
1527 1393 1624 1450 plus

103 1460 290 1501 habeant
328 1461 634 1514 grossitudinis
673 1476 801 1516 quam
839 1460 998 1515 digitos
1037 1467 1137 1502 tres.
1197 1462 1274 1503 hos
1314 1464 1426 1503 inter
1461 1477 1506 1503 se
1537 1477 1623 1502 ses-

103 1527 324 1583 quipedali
361 1542 562 1569 mensura
599 1527 763 1569 divisos
795 1528 1017 1569 ordinabis
1051 1535 1092 1569 et
1123 1530 1286 1570 catenis
1317 1530 1372 1570 ad
1403 1530 1624 1584 contigna-

102 1597 263 1637 tionem
299 1594 535 1651 suspendes
574 1596 635 1636 ita
664 1602 711 1636 ut
748 1595 877 1636 binae
907 1597 1096 1652 perticae
1126 1596 1377 1651 graciliores
1408 1599 1521 1639 inter
1552 1612 1622 1638 eos

104 1664 141 1704 si
178 1663 347 1716 missae,
384 1663 451 1704 his
483 1663 644 1704 faciant
677 1664 852 1705 tomiees
884 1663 1109 1718 ligaturas.
1170 1670 1346 1705 catenae
1375 1672 1518 1706 autem
1550 1680 1622 1721 pa-

102 1736 251 1771 rentur
293 1737 367 1771 aut
409 1730 462 1771 de
508 1731 705 1786 iunipero
750 1738 824 1772 aut
867 1731 982 1773 oliva
1025 1739 1099 1773 aut
1138 1732 1263 1774 buxo
1293 1739 1367 1774 aut
1405 1747 1622 1789 cupresso.

104 1813 297 1839 camerae
329 1814 380 1839 ex
421 1798 661 1839 harundine
690 1814 845 1854 graeca
874 1799 946 1840 vel
977 1799 1159 1856 palustri
1190 1799 1259 1841 vel
1290 1801 1497 1855 grossiori
1527 1815 1623 1841 rasa

104 1873 146 1907 et
196 1873 376 1907 contusa
428 1867 490 1907 sic
542 1874 828 1908 contexantur
880 1874 928 1909 ut
982 1867 1179 1909 fasciculi
1233 1868 1424 1923 aequalis
1477 1867 1621 1909 admo-

104 1933 206 1975 dum
236 1934 545 1988 grossitudinis
578 1941 619 1976 et
650 1934 934 1990 longitudinis
972 1941 1071 1976 ante
1102 1935 1312 1990 ligentur,
1346 1937 1419 1991 qui
1457 1937 1624 1991 possint

191 2119 214 2149 4
240 2128 346 2159 quam
377 2128 530 2160 magnas
561 2125 678 2159 eumq·
710 2130 743 2155 v,
778 2120 1000 2160 quamagnas
1034 2120 1114 2160 ch:
1144 2130 1201 2161 pq.
1240 2117 1255 2162 Η
1292 2129 1514 2151 mormoreas
1545 2125 1622 2151 ante

103 2185 192 2207 eurr.
217 2185 254 2215 9,
287 2174 378 2205 mari
412 2184 553 2206 moreas
577 2186 607 2207 v.
638 2173 653 2216 Η
684 2176 704 2205 6
735 2175 879 2206 hiemen
905 2187 932 2210 υ.
967 2173 982 2218 Η
1017 2177 1036 2208 7
1068 2176 1221 2207 testatia
1251 2186 1325 2216 ψῃ.
1359 2173 1374 2217 Η
1412 2174 1623 2208 &tiburtina

102 2241 166 2271 ⁷)ng
191 2228 245 2271 (ct
269 2231 333 2261 del.
360 2241 441 2261 mar.
468 2241 538 2261 eum
567 2230 686 2271 Vim).
719 2228 736 2273 Η
766 2232 785 2262 9
810 2231 846 2262 in
874 2231 973 2263 fossa
1000 2231 1136 2272 (—sam
1153 2232 1221 2272 ed.)
1249 2232 1340 2263 Pom
1367 2232 1408 2262 In
1426 2232 1567 2268 ‚fossum
1594 2243 1620 2267 v,

102 2287 249 2318 Infossfi
280 2298 335 2328 2¹9·
371 2283 386 2329 Η
422 2288 460 2317 11
493 2287 689 2328 impegeris
721 2289 791 2318 ed.:
830 2285 1155 2330 in(impgj)pigeres
1186 2300 1248 2330 17³5]
1280 2288 1365 2328 (vicli
1390 2289 1516 2327 siquam
1541 2289 1621 2321 add.

101 2342 166 2384 9⁶).
198 2340 213 2385 Η
247 2344 286 2374 12
314 2343 437 2375 asciae
463 2343 610 2374 viscosa
636 2344 706 2375 ed.:
735 2344 836 2374 ascia
859 2343 1005 2375 viscusa
1023 2356 1097 2386 υρῃ,
1129 2343 1144 2387 Η
1181 2348 1219 2376 13
1238 2348 1404 2375 recenter
1430 2344 1537 2376 Maru:
1566 2354 1620 2375 re-

104 2402 300 2431 censentur
325 2397 389 2439 (4,τὶ
409 2411 436 2436 υ,
457 2397 504 2430 -t2
525 2399 562 2440 p)
588 2410 629 2440 vp
647 2403 679 2430 et
697 2404 773 2430 (mle
798 2410 868 2432 ras.
885 2411 907 2441 g]
927 2399 1070 2439 (recens
1089 2401 1183 2432 enim
1206 2401 1272 2441 9⁶).
1294 2398 1308 2442 Η
1332 2400 1531 2431 sicccssere
1547 2411 1580 2441 gs.
1604 2399 1617 2441 Η

104 2457 146 2487 14
171 2455 304 2487 caleoli
328 2467 358 2489 v.
389 2453 403 2498 Η
438 2457 478 2487 15
503 2455 663 2497 proxime
691 2455 891 2487 extinctam
923 2458 994 2487 etl.:
1033 2456 1196 2498 proxima
1229 2457 1391 2487 extincta
1422 2466 1496 2496 vpy.
1531 2453 1546 2497 Η
1580 2457 1620 2487 16

101 2511 326 2553 disponende
357 2523 392 2543 v:
425 2511 686 2554 quodponendeg
719 2510 950 2553 (qdponende
976 2512 1013 2553 p)
1043 2524 1100 2555 1³9·
1133 2511 1148 2554 Η
1188 2514 1226 2544 17
1261 2512 1424 2553 abiegni:
1458 2512 1620 2543 abstinei

102 2579 167 2609 vpy
192 2567 299 2607 (immo
325 2569 512 2609 cupressei,
546 2580 610 2600 non
642 2568 794 2609 altiefflzei
829 2578 896 2599 sec·
934 2569 1040 2609 Victa,
1085 2570 1129 2608 ef.
1165 2570 1246 2600 l’all.
1280 2568 1370 2608 ligni
1402 2566 1529 2608 gallici
1561 2567 1619 2599 vel

105 2624 295 2666 cupressi).
334 2622 348 2666 Η
389 2624 428 2655 18
461 2624 726 2666 grossitudines
762 2636 797 2665 p.
835 2622 849 2666 Η
887 2624 956 2656 Ιιοο
988 2625 1083 2656 inter
1114 2624 1290 2665 sesqui(q;
1318 2624 1372 2665 vp)
1405 2623 1524 2664 pedali
1556 2635 1619 2665 ⁹129

104 2679 208 2720 (corr.
228 2681 279 2712 ed.
300 2692 345 2712 ea:
363 2680 474 2721 Puta).
500 2678 513 2722 Η
537 2682 576 2711 21
598 2681 629 2711 si
647 2683 779 2712 missae
795 2678 921 2721 (sunt),
942 2679 996 2711 his
1014 2691 1091 2721 egyo:
1111 2680 1310 2712 simissales
1329 2692 1400 2722 vpgj.
1427 2679 1441 2722 Η
1465 2681 1619 2712 tumices

103 2735 290 2778 legaturas
315 2748 373 2777 vp,
406 2737 549 2768 tunices
581 2737 762 2777 ligaturas
791 2747 824 2777 gs.
857 2733 871 2777 Η
904 2736 1048 2768 catinae
1081 2749 1131 2778 ιγ).
1167 2735 1181 2777 Η
1211 2738 1252 2767 22
1280 2737 1443 2778 iunipore
1468 2749 1496 2767 v.
1530 2734 1544 2779 Η
1576 2739 1619 2768 23

104 2792 256 2833 palestri
280 2805 336 2835 μθ.
360 2791 375 2836 Η
399 2796 442 2826 24
468 2795 635 2827 fasciculi
661 2808 738 2837 eyn:
765 2795 953 2827 hiscirculi
971 2807 1046 2837 vpgs.
1079 2794 1093 2837 Η
1125 2794 1281 2831 (circuli)
1308 2792 1432 2834 quales
1458 2804 1491 2824 a.
1519 2803 1618 2833 gros-

103 2849 281 2881 situdines
307 2850 336 2881 δι
361 2851 610 2893 longitudines
643 2852 902 2893 antelegentur
925 2863 989 2893 vm]
1021 2850 1125 2892 (corr.
1157 2852 1236 2890 ed.).
1271 2848 1285 2891 Η
1315 2851 1357 2880 25
1389 2850 1530 2890 possint
1551 2859 1615 2892 1²9³

102 2909 254 2947 possunt
277 2918 305 2937 v.

1676 960 1794 986 3lljal*i‹=.

1660 1017 1731 1041 Vitr.
1753 1019 1776 1047 7,
1796 1019 1811 1041 2

1647 1050 1725 1084 (Pau.
1740 1053 1764 1081 1,
1777 1052 1827 1081 14).

1661 1333 1739 1372 XXI,
1772 1333 1809 1358 Dc

1639 1376 1753 1406 cameris.
1763 1375 1812 1392 can
1820 1383 1825 1384 ν

1690 1410 1780 1426 Πινιις.

1662 1459 1735 1483 Vitr.
1757 1460 1780 1484 ἵ,
1795 1461 1810 1482 2}

1644 1492 1722 1524 wall.
1740 1495 1760 1518 l.
1777 1495 1826 1522 13).
