1899 3322
120 327 141 373 ’1

122 867 142 897 [ὓ

1667 205 1683 213 u

594 210 655 244 DE
688 212 1040 245 ARCHITECTURA
1075 216 1165 245 ΜΒ.
1199 215 1265 246 111.
1635 208 1689 246 (jo

280 316 469 358 Aedium
508 316 759 371 compositio
797 323 964 357 constat
1003 332 1055 357 ex
1095 318 1365 374 symmetria,
1406 318 1526 358 cuius
1558 318 1685 358 ratio-

169 399 266 425 nem
305 383 638 439 diligentissime
679 382 904 423 architecti
946 389 1090 423 tenere
1130 385 1301 425 debent.
1348 390 1410 424 ‘ea
1441 391 1585 425 autem
1615 400 1686 440 pa-

167 452 277 492 ritur
306 466 331 492 a
361 451 652 507 proportione,
686 464 794 506 quae
814 465 966 505 graece
997 454 1213 504 αυαλογια
1246 452 1417 492 dicitur.
1469 453 1687 507 proportio

170 526 234 560 est
272 526 390 560 ratae
429 519 564 574 partis
603 518 893 559 membrorum
931 519 975 558 in
1015 519 1130 559 omni
1169 533 1296 573 opere
1326 520 1544 574 totiusque
1576 534 1687 560 com-

168 585 424 640 modulatio,
474 601 528 627 ex
571 600 653 641 qua
691 587 801 627 ratio
840 585 1026 626 efficitur
1070 586 1431 641 symmetriarum.
1506 602 1689 642 namque

167 669 253 695 non
292 660 434 709 potest
471 653 590 694 aedis
630 651 731 693 ulla*
755 654 848 694 sine
879 653 1129 709 symmetria
1159 659 1287 708 atque
1318 654 1592 708 proportione
1623 669 1688 694 ra-

166 721 327 762 tionem
364 720 523 762 habere
554 721 899 776 compositionis,
931 720 1016 760 nisi
1047 721 1111 760 uti
1140 720 1196 760 ad
1226 719 1411 760 hominis
1443 721 1551 761 bene
1581 722 1688 775 figu—

166 789 249 828 rati
295 788 624 829 similitudinem
671 789 954 829 membrorum
998 786 1194 828 habuerit
1232 794 1428 828 exactam
1464 789 1687 829 rationem.

169 870 322 910 corpus
362 856 475 895 enim
515 855 702 896 hominis
740 857 799 897 ita
839 862 992 895 natura
1031 855 1267 910 composuit
1308 856 1369 896 uti
1401 870 1446 895 os
1479 857 1632 911 capitis
1665 871 1689 896 a

170 930 310 964 mento
347 923 402 963 ad
434 924 618 964 frontem
649 938 856 964 summam
890 929 931 963 et
960 922 1126 963 radices
1157 922 1264 962 imas
1296 921 1442 978 capilli
1473 930 1585 964 esset
1617 923 1687 963 dc-

169 993 304 1032 cimae
341 991 499 1046 partis,
538 992 641 1031 item
678 1005 828 1031 manus
866 989 1007 1046 palma
1043 989 1097 1030 ab
1135 989 1315 1030 articulo
1354 990 1409 1030 ad
1449 997 1689 1031 extremum

167 1059 358 1099 medium
380 1058 564 1113 digitum
585 1058 852 1111 tantundem,
886 1064 1013 1113 caput
1035 1072 1059 1097 a
1090 1064 1232 1098 mento
1263 1057 1318 1097 ad
1351 1073 1562 1098 summum
1595 1073 1689 1098 vcr-

168 1128 296 1168 ticem
339 1133 537 1179 octavae,
577 1140 674 1167 cum
712 1125 954 1167 cervicibus
993 1126 1089 1165 imis
1127 1125 1182 1165 ab
1221 1140 1385 1165 summo
1425 1132 1597 1181 pectore
1634 1125 1689 1166 ad

176 1195 282 1235 imas
314 1194 482 1235 radices
514 1193 766 1250 capillorum
797 1200 969 1246 sextae,
1006 1194 1057 1247 <a
1089 1193 1230 1233 medio
1262 1196 1461 1248 pectore>
1491 1194 1546 1233 ad
1577 1209 1689 1234 sum-

168 1277 285 1302 mum
326 1263 531 1302 verticem
572 1268 762 1317 quartae.
829 1261 965 1317 ipsius
997 1267 1141 1301 autem
1172 1261 1257 1301 oris
1288 1259 1530 1301 altitudinis
1562 1262 1689 1301 tertia

169 1336 234 1370 est
264 1344 362 1385 pars
394 1329 448 1370 ab
480 1330 564 1370 imo
595 1335 739 1370 mento
770 1327 826 1368 ad
856 1329 963 1368 imas
995 1342 1143 1380 nares,
1183 1343 1333 1368 nasum
1364 1327 1418 1368 ab
1449 1328 1546 1368 imis
1577 1329 1689 1368 nari-

169 1398 249 1438 bus
287 1397 342 1437 ad
379 1397 507 1437 finem
538 1396 728 1437 medium
758 1395 1083 1451 superciliorum
1114 1395 1382 1435 tantundem.
1442 1395 1496 1436 ab
1529 1410 1577 1435 ea
1606 1395 1691 1435 fine

168 1464 223 1504 ad
268 1465 376 1505 imas
414 1464 582 1505 radices
631 1462 775 1520 capilli
820 1463 939 1504 frons
977 1462 1164 1503 efficitur
1201 1463 1304 1503 item
1341 1463 1495 1503 tertiae
1540 1464 1690 1518 partis.

168 1546 243 1588 pes
275 1546 378 1572 vero
408 1531 651 1573 altitudinis
684 1531 873 1586 corporis
905 1537 1075 1583 sextae,
1108 1530 1278 1570 cubitus
1311 1536 1507 1584 quartae,
1539 1537 1689 1585 pectus

169 1600 272 1640 item
300 1605 489 1655 quartae.
538 1598 704 1654 reliqua
736 1613 904 1654 quoque
935 1598 1125 1639 membra
1157 1612 1254 1639 suas
1286 1597 1445 1638 habent
1478 1613 1688 1638 commcn-

169 1682 241 1708 sus
280 1667 600 1723 proportiones,
640 1665 796 1722 quibus
837 1666 965 1706 etiam
1002 1666 1170 1721 antiqui
1201 1666 1386 1720 pictores
1420 1671 1460 1705 ct
1493 1666 1689 1705 statuarii

169 1733 334 1775 nobiles
356 1735 423 1786 u-si
446 1748 622 1788 magnas
646 1740 687 1773 et
715 1732 904 1773 infinitas
935 1732 1083 1773 laudes
1116 1739 1213 1772 sunt
1244 1731 1451 1772 adsecuti.
1494 1731 1690 1772 similiter

168 1816 272 1842 vero
309 1815 527 1841 sacrarum
563 1800 733 1840 aedium
773 1799 965 1840 membra
1002 1801 1057 1840 ad
1088 1800 1332 1840 universam
1362 1800 1495 1840 totius
1526 1800 1688 1853 magni-

168 1869 330 1910 tudinis
364 1883 571 1909 summam
602 1882 657 1907 ex
688 1867 883 1923 partibus
915 1866 1097 1921 singulis
1129 1866 1584 1907 c<›nvcnimitissimum
1617 1865 1689 1905 de-

169 1937 273 1977 bent
312 1935 471 1977 habere
509 1950 774 1976 conmiensus
814 1949 1081 1990 responsum.
1141 1935 1243 1974 item
1275 1934 1464 1988 corporis
1496 1940 1687 1973 centrum

170 2003 356 2045 medium
378 2002 632 2044 naturaliter
663 2009 727 2044 est
757 2001 1002 2043 umbilicus.
1061 2015 1243 2057 namque
1273 2002 1309 2041 si
1340 2001 1465 2041 homo
1497 2000 1688 2041 conloca-

261 2176 280 2207 2
306 2176 424 2207 teneri
451 2174 485 2206 H
517 2172 651 2215 (solus).
682 2171 696 2215 Η
728 2173 916 2216 partun-{52
940 2173 988 2205 L:
1028 2174 1194 2215 paritura
1214 2173 1280 2204 GH
1297 2172 1375 2212 (lv),
1408 2174 1580 2212 paratura
1610 2171 1649 2204 E.
1684 2209 1685 2212 Ἰ

172 2233 191 2263 3
219 2231 393 2273 analogia
422 2230 505 2267 EH,
544 2229 693 2261 analoia
718 2235 794 2261 unte
820 2240 909 2263 corr.
939 2230 975 2261 G.
1017 2227 1031 2271 Η
1068 2231 1088 2260 4
1115 2231 1170 2260 est
1196 2233 1299 2259 ratae
1326 2228 1379 2258 lle
1410 2228 1518 2267 (Lle):
1551 2230 1687 2258 stratae

174 2289 267 2327 (——te
296 2287 336 2324 E,
364 2289 445 2329 —tq
472 2286 514 2327 G)
542 2286 642 2317 EGH
670 2285 729 2324 (se.
758 2286 978 2327 proportiost
1003 2285 1138 2325 ratae).
1170 2283 1184 2326 Η
1216 2285 1399 2324 totiusque
1416 2283 1505 2314 doru:
1539 2286 1688 2323 totaque

175 2343 276 2375 EGIJ
301 2342 388 2382 (Lle,
416 2346 494 2373 tota
524 2342 568 2373 ΖΛ·
593 2352 691 2373 eraso
719 2340 816 2383 quc).
841 2339 855 2383 Η
883 2343 902 2373 5
929 2352 971 2373 ex
998 2352 1067 2383 qua.
1085 2341 1178 2372 ratio
1199 2340 1234 2370 ll
1251 2340 1385 2379 (Gcldv,
1406 2350 1446 2368 ex
1473 2339 1688 2378 quaratione

171 2404 250 2431 ante
275 2410 366 2433 corr.
392 2398 434 2438 l):
477 2409 517 2430 ex
545 2397 722 2439 quadrato
749 2398 781 2428 E
806 2402 839 2428 et
862 2402 940 2429 ante
965 2408 1054 2429 corr.
1083 2398 1120 2431 G.
1159 2395 1173 2438 Η
1211 2398 1230 2427 6
1257 2396 1357 2427 aedis
1387 2395 1463 2427 EH,
1496 2394 1574 2435 edis
1602 2394 1628 2425 G
1655 2396 1687 2432 (l,

174 2455 250 2487 edis
265 2456 313 2492 elz,
343 2455 450 2487 aedes
469 2454 528 2496 L).
550 2451 566 2496 Η
588 2455 607 2487 8
625 2453 901 2486 similitudinem
919 2454 998 2484 culrl.
1021 2453 1109 2485 Mar.
1138 2451 1199 2493 (ef.
1217 2464 1243 2486 υ.
1264 2454 1320 2484 22.
1346 2451 1490 2492 figurati
1516 2450 1691 2480 membro-

175 2521 250 2542 rum
270 2511 398 2552 EGH).
422 2509 438 2554 Η
464 2512 502 2542 11
531 2511 632 2541 item:
660 2510 713 2541 ita
734 2510 775 2543 E.
798 2506 814 2551 Η
836 2509 952 2551 palme
973 2509 1013 2542 E,
1037 2506 1053 2551 Η
1085 2511 1125 2541 13
1151 2512 1279 2550 octawg
1301 2507 1377 2538 EG:
1406 2510 1509 2538 octac
1531 2507 1564 2536 ll
1591 2509 1687 2546 (octg¹

174 2569 239 2605 cele,
267 2571 346 2599 octo
373 2571 450 2598 ante
468 2577 558 2599 eor-r.
577 2567 622 2605 c).
645 2563 660 2608 Η
684 2565 819 2606 cervib3
846 2570 923 2597 ante
947 2576 1036 2598 cor-r.
1059 2563 1179 2605 G(n072
1200 2564 1254 2603 E).
1278 2561 1292 2605 Η
1318 2564 1356 2594 14
1375 2574 1394 2593 a
1413 2562 1528 2593 medio
1542 2564 1688 2602 pectore

174 2625 253 2658 add.
275 2624 344 2656 Gal.
365 2622 478 2663 (Lora,
496 2624 624 2654 sextae
651 2621 696 2652 ad
722 2631 895 2653 summum
921 2621 1051 2661 EGII).
1085 2618 1099 2663 Η
1132 2622 1172 2652 16
1198 2630 1340 2651 nasum:
1367 2622 1415 2649 sic
1442 2618 1539 2649 EGII
1565 2616 1688 2656 (nasus

173 2679 277 2719 doen).
309 2676 323 2721 Η
358 2680 395 2710 17
422 2689 481 2710 ea:
508 2679 557 2709 sic
583 2678 694 2710 EGH.
731 2675 746 2720 Η
779 2678 818 2708 18
846 2676 971 2718 capilli
997 2676 1076 2707 Eli:
1105 2675 1249 2718 capillis
1278 2676 1311 2706 ll
1339 2675 1416 2714 (elz).
1450 2672 1463 2714 Η
1499 2675 1536 2703 19
1563 2683 1687 2713 corpo-

176 2736 223 2766 ris
255 2738 354 2776 sexte
381 2734 445 2765 EG
469 2734 547 2775 (L):
581 2735 739 2775 corporis
766 2737 870 2764 extac
905 2733 939 2763 ll
966 2731 1123 2774 (corpori
1149 2736 1248 2763 sexte
1279 2731 1334 2770 le).
1369 2728 1383 2771 Η
1423 2729 1565 2759 cubitus
1597 2728 1686 2759 .Ιυ(·.;

177 2791 336 2823 cubitum
362 2791 412 2827 Il,
440 2791 524 2821 —ti’i
552 2789 615 2820 EG
647 2789 750 2830 (Llc).
784 2787 798 2832 Η
830 2791 872 2821 20
903 2799 987 2820 suas
1025 2789 1121 2822 Lon:
1155 2798 1236 2819 suos
1271 2786 1380 2817 EGll.
1414 2784 1428 2826 Η
1467 2794 1689 2817 connneusos

177 2851 253 2878 (mee
278 2857 366 2879 corr.
392 2847 429 2877 Il
461 2845 508 2887 (ec
538 2846 615 2887 EC).
653 2843 668 2889 Η
704 2848 745 2878 21
779 2846 1031 2888 proportiones
1062 2845 1164 2877 EGII
1195 2842 1253 2883 (lc,
1286 2841 1531 2883 proportionis
1566 2841 1629 2877 Ec,
1660 2839 1690 2871 δε

175 2903 424 2944 proportiones
450 2901 510 2944 L).

221 2968 372 2991 vrrnuv.
398 2969 443 2990 m:
470 2968 619 2991 ancum
1393 2952 1419 2993 ᾧ

1712 326 1728 357 Ι

1716 932 1759 963 10

1717 1267 1758 1299 15

1715 1605 1761 1637 20
