1909 3322
200 247 280 289 110
846 248 1055 280 vrrnuvn

199 358 536 413 designationes.
612 353 763 395 eadem
808 353 974 393 ratione
1019 365 1108 392 vox
1145 350 1205 390 ita
1241 347 1296 388 ad
1335 346 1544 386 circinum
1583 343 1718 384 efficit
1743 357 1762 388 7

199 427 431 476 motiones,
464 423 540 464 sed
562 423 607 463 in
627 436 739 477 aqua
761 419 911 461 circuli
932 417 1112 475 planitie
1143 418 1188 458 in
1217 414 1446 456 latitudine
1475 418 1718 464 moventur,

203 509 288 534 vox
334 499 375 532 et
422 492 468 532 in
511 487 740 530 latitudine
784 486 1060 544 progreditur
1105 491 1145 525 et
1189 481 1462 524 altitudinem
1507 479 1722 534 gradatim

200 560 382 602 scandit.
450 559 585 613 igitur
621 563 669 598 ut
706 557 752 597 in
790 569 902 611 aqua
938 553 1151 594 undarum
1182 547 1579 604 designationibus7
1618 547 1720 587 item

155 639 174 669 5
200 630 245 669 in
289 641 396 669 voce
443 641 539 666 cum
585 624 762 666 offensio
793 622 911 663 nulla
948 621 1131 677 primam
1168 617 1329 659 undam
1367 613 1722 671 interpellaverit,

200 711 287 737 non
335 693 551 735 disturbat
589 690 822 733 secundam
860 704 939 730 nec
977 689 1275 742 insequentes,
1324 683 1401 724 sed
1440 696 1587 724 omnes
1631 681 1724 722 sine

200 762 450 804 resonantia
494 760 752 817 perveniunt
796 757 853 798 ad
889 757 1072 797 imorum
1111 761 1152 795 et
1181 753 1246 793 ad
1284 765 1546 793 summorum
1584 762 1724 789 aures.

202 846 303 886 ergo
344 836 512 870 veteres
551 826 778 867 architecti
808 831 988 866 naturae
1017 822 1206 875 vestigia
1236 819 1452 876 persecuti
1482 816 1723 871 indagatio·
1750 828 1770 858 8

203 900 330 940 nibus
369 897 489 938 vocis
529 894 775 936 scandentis
817 892 1081 933 theatrorum
1120 888 1395 945 perfecerunt
1433 884 1724 940 gradationes,

139 977 178 1006 10
204 973 245 1007 et
287 965 563 1021 quaesierunt
601 976 677 1018 per
716 960 966 1001 canonicam
1003 956 1404 998 mathematicorum
1443 960 1484 993 et
1520 953 1727 993 musicam

203 1035 413 1075 rationem
434 1038 479 1072 ut
512 1042 805 1086 quaecumque
827 1042 914 1069 vox
946 1032 1058 1066 esset
1089 1026 1134 1065 in
1165 1037 1341 1075 scaena,
1375 1020 1529 1062 clarior
1559 1026 1602 1060 et
1632 1033 1726 1060 sua-

206 1103 300 1142 vior
345 1099 401 1140 ad
447 1104 737 1155 spectatorum
781 1094 1028 1151 perveniret
1074 1107 1213 1133 aures.
1292 1090 1357 1130 uti
1409 1088 1523 1128 enim
1568 1100 1729 1141 organa

205 1169 348 1210 aeneis
387 1166 601 1206 lamminis
641 1170 716 1204 aut
748 1163 915 1204 corneis
947 1175 1112 1215 ηχειοις
1141 1159 1197 1199 ad
1229 1156 1484 1199 chordarum
1515 1155 1730 1196 sonituum

207 1235 446 1277 claritatem
491 1232 795 1289 perficiuntur,
843 1231 906 1270 sic
943 1228 1211 1269 theatrorum
1247 1240 1324 1281 per
1362 1223 1638 1264 harmonicen
1673 1221 1730 1261 ad

143 1314 182 1344 15
206 1302 450 1358 augendam
470 1315 623 1342 vocem
643 1297 996 1340 ratiocinationes
1017 1294 1072 1335 ab
1103 1293 1293 1349 antiquis
1326 1297 1425 1332 sunt
1456 1290 1729 1331 constitutae.

142 1381 191 1411 IV
322 1369 585 1411 Harmonice
608 1374 753 1407 autem
776 1372 839 1406 est
861 1365 1026 1405 musica
1056 1361 1301 1402 litteratura
1332 1358 1515 1400 obscura
1546 1364 1586 1398 et
1617 1356 1729 1397 diffi-
1756 1369 1774 1399 1

212 1438 321 1491 cilis,
355 1437 542 1477 maxime
566 1434 739 1491 quidem
762 1432 915 1488 quibus
939 1430 1132 1472 Graecae
1154 1428 1323 1470 litterae
1344 1441 1429 1467 non
1460 1431 1561 1466 sunt
1590 1430 1730 1465 notae.

213 1521 341 1562 quam
380 1505 415 1545 si
448 1502 649 1544 volumus
682 1500 921 1557 explicare,
960 1512 1136 1538 necesse
1168 1503 1231 1536 est
1264 1495 1393 1535 etiam
1425 1492 1605 1534 Graecis
1638 1505 1731 1531 ver-

209 1575 278 1616 bis
320 1573 405 1625 uti,
450 1569 563 1626 quod
600 1568 806 1610 nonnulla
846 1582 991 1607 eorum
1020 1565 1202 1606 Latinas
1240 1577 1326 1603 non
1355 1560 1515 1601 habent
1545 1558 1732 1616 appella-

144 1652 187 1681 '20
213 1643 366 1682 tiones.
436 1640 583 1693 itaque
631 1642 679 1676 ut
717 1642 864 1691 potero
904 1648 1033 1690 quam
1076 1631 1348 1688 apertissime
1386 1643 1441 1669 ex
1478 1627 1733 1668 Aristoxeni

213 1707 438 1763 scripturis
472 1703 794 1760 interpretabor
832 1708 873 1742 et
905 1703 996 1742 eius
1029 1700 1298 1755 diagramma
1335 1696 1609 1737 subscribam
1638 1694 1733 1735 fini-

212 1777 436 1830 tionesque
468 1773 690 1813 sonituum
721 1769 982 1825 designabo,
1015 1768 1079 1808 uti
1111 1768 1185 1823 qui
1216 1764 1470 1819 diligentius
1501 1761 1735 1802 attenderit

212 1842 383 1884 facilius
406 1842 627 1898 percipere
649 1839 800 1895 possit.
862 1851 950 1877 vox
982 1836 1097 1876 enim
1126 1832 1440 1875 mutationibus
1472 1845 1570 1870 cum
1600 1829 1733 1869 flecti·
1760 1842 1779 1871 2

214 1918 284 1951 tur
322 1909 429 1950 alias
474 1908 522 1948 fit
559 1914 685 1947 acuta
716 1905 823 1945 alias
854 1905 1022 1958 gravis,
1065 1902 1321 1955 duobusque
1350 1898 1491 1939 modis
1522 1902 1733 1949 movetur,

216 1994 237 2018 e
284 1977 441 2032 quibus
488 1990 598 2015 unus
645 1974 820 2013 effectus
865 1970 996 2012 habet
1040 1970 1311 2010 continuatos
1356 1964 1465 2005 alter
1510 1964 1734 2005 distantes.

148 1990 166 2019 N>

171 1989 190 2018 ω·

307 2151 326 2180 2
354 2145 623 2189 sedlininaqua
648 2145 684 2175 Il
711 2143 789 2184 (sed
815 2143 952 2183 inaqua
981 2139 1115 2181 GcLlc).
1165 2139 1224 2171 sed
1249 2135 1543 2179 inaquaecirculi
1563 2135 1600 2167 G.
1625 2133 1642 2178 Η
1667 2147 1737 2167 mo-

218 2208 348 2238 ventur
372 2205 409 2236 H
437 2202 563 2244 (GcL):
589 2204 751 2232 movetur
778 2200 805 2231 G
832 2198 899 2240 (le).
932 2195 947 2239 Η
979 2200 998 2229 3
1024 2196 1052 2227 ἃ
1077 2195 1325 2227 altitudinem:
1352 2194 1400 2225 sle
1428 2191 1513 2224 Gll.
1539 2190 1555 2234 Η
1584 2193 1605 2222 4
1631 2192 1737 2223 item:

217 2264 265 2293 sie
281 2260 342 2302 (ite
359 2261 400 2300 G)
418 2261 482 2292 GH
497 2257 552 2299 (le,
567 2258 620 2289 ita
636 2258 691 2296 GC,
707 2257 761 2288 ita
777 2258 812 2286 et
828 2254 883 2295 L).
909 2252 922 2296 Η
948 2257 966 2285 5
980 2263 1107 2284 uocem
1122 2253 1168 2283 H.
1187 2250 1201 2294 Η
1218 2253 1237 2283 6
1254 2251 1413 2283 secunda
1430 2254 1457 2285 G
1471 2249 1588 2293 (Lh²):
1610 2257 1739 2280 secun·

219 2319 299 2350 «lum
319 2318 356 2349 H
381 2316 474 2357 (leh).
505 2312 523 2357 Η
554 2316 573 2346 8
591 2312 774 2355 persecuti
795 2312 860 2342 GH
884 2309 972 2349 (Mc,
998 2309 1181 2351 prosecuti
1211 2308 1282 2349 GC).
1317 2306 1332 2351 Η
1363 2311 1382 2340 9
1399 2310 1499 2342 vocis
1525 2304 1738 2338 scandentis

223 2378 285 2406 (1¹⁶2
312 2383 422 2406 voces
448 2370 667 2403 scandentes
696 2369 761 2399 GH
788 2367 840 2407 (le,
866 2367 967 2398 vocis
986 2365 1202 2397 scandentes
1220 2364 1277 2404 L).
1307 2362 1321 2406 Η
1356 2367 1394 2397 10
1413 2364 1665 2407 quaesierunt:
1691 2361 1741 2392 sie

223 2433 299 2463 Gll.
339 2428 354 2473 Η
395 2432 435 2461 13
468 2428 594 2460 aeneis
624 2427 727 2457 Lor.:
766 2423 931 2454 inaeneis
965 2423 1041 2453 GH.
1082 2419 1096 2464 Η
1134 2421 1332 2452 lamminis:
1375 2423 1423 2453 sie
1463 2421 1527 2452 GH
1566 2416 1693 2459 (Lzelz).
1724 2416 1736 2457 {2

222 2488 364 2520 corneis
389 2494 532 2529 ηχειοις
560 2483 640 2515 Lor.
668 2479 798 2520 (echeis
825 2478 961 2520 Sclm.):
1006 2478 1146 2510 corneis
1171 2477 1273 2508 haeae
1304 2477 1356 2508 sie
1384 2477 1411 2508 G
1435 2482 1466 2508 et
1493 2476 1623 2517 (haeae
1645 2472 1650 2515 Ι
1672 2472 1738 2512 sic)

220 2549 297 2576 ante
314 2552 384 2573 ras,
403 2541 440 2571 H
458 2538 614 2579 (corneis
631 2562 638 2569 .
653 2537 782 2573 hgeae
805 2534 809 2576 1
832 2535 881 2566 sic
900 2536 965 2575 Hc,
993 2534 1134 2566 corneis
1150 2560 1156 2565 .
1175 2533 1244 2564 hae
1270 2533 1321 2564 sic
1338 2533 1399 2570 Le,
1427 2533 1568 2564 corneis
1587 2555 1595 2562 .
1614 2530 1658 2571 he
1672 2528 1674 2570 J
1687 2528 1738 2559 sic

222 2600 252 2640 Ιῑ,
282 2597 422 2630 corneis
446 2596 516 2627 hae
544 2594 595 2625 sic
621 2593 658 2633 l).
691 2590 706 2634 Η
740 2590 928 2623 cordarum
956 2590 1034 2622 GH.
1068 2587 1082 2632 Η
1114 2589 1291 2621 sonituum
1310 2589 1402 2620 doe:
1428 2589 1548 2620 sonitu
1569 2587 1633 2618 GH
1659 2583 1737 2624 (Lle,

224 2659 343 2685 *tum
361 2664 388 2690 e,
407 2655 491 2683 ffl-tu
508 2651 545 2691 l).
562 2647 576 2692 Η
596 2650 636 2680 14
648 2647 882 2679 harmonicen
901 2647 938 2677 Il
957 2645 1015 2686 (e),
1032 2646 1239 2677 armonicen
1258 2645 1285 2675 G
1299 2644 1402 2685 (Lllz).
1426 2643 1441 2687 Η
1460 2645 1499 2675 16
1517 2640 1741 2674 Harmoniea

226 2723 324 2754 Sclm.
342 2720 444 2761 (-ce
460 2718 586 2760 Dffar.):
606 2715 809 2748 Harmonia
827 2713 1148 2754 Gll((·le‚Armonia
1161 2711 1270 2753 Lllzc).
1290 2709 1305 2753 Η
1323 2713 1362 2742 17
1377 2702 1465 2752 nate
1494 2711 1548 2742 GC.
1566 2706 1580 2751 Η
1598 2710 1638 2739 19
1656 2717 1740 2739 non-

229 2777 348 2808 nullae
376 2775 508 2816 (fmullo
538 2776 574 2811 G,
599 2772 680 2813 —le
709 2771 769 2812 Ge)
798 2771 872 2801 Gll.
905 2767 919 2811 Η
950 2769 1084 2800 latinas
1112 2769 1178 2798 GH
1211 2768 1332 2807 (Lech,
1358 2767 1470 2807 latine
1498 2768 1523 2804 l,
1552 2765 1739 2795 latineans

227 2835 274 2863 xie
302 2838 378 2864 ante
403 2843 472 2863 ras.
499 2831 541 2871 e).
575 2829 591 2872 Η
622 2830 665 2860 20
691 2830 815 2869 potero
842 2827 912 2856 eda
946 2829 1095 2866 potuero
1124 2825 1199 2855 GH.
1231 2821 1245 2865 Η
1279 2823 1391 2854 aristo
1416 2822 1520 2853 xenis
1547 2822 1585 2860 G,
1613 2821 1742 2850 aristo-

229 2890 329 2919 xenis
347 2890 382 2919 ll
404 2887 505 2927 (Lle).
539 2885 554 2929 Η
593 2887 633 2917 ‘21
662 2884 877 2924 diagragma
906 2884 997 2913 solus
1025 2882 1062 2915 G,
1096 2878 1110 2923 Η
1141 2881 1183 2911 24
1214 2879 1253 2911 fit
1284 2879 1358 2910 ecla:
1396 2878 1459 2909 fiat
1492 2877 1557 2908 GH
1589 2874 1692 2917 (Lle).
1724 2890 1725 2915 3

227 2946 269 2976 25
287 2945 456 2976 distantis
483 2944 528 2976 H.
