1899 3322
594 234 656 264 DE
687 235 1042 265 ARCHITECTURA
1074 237 1166 266 LIB.
1199 237 1260 267 lv.
1632 227 1685 267 99

162 335 505 388 circumdantur,
557 350 666 391 quae
703 337 764 377 ita
810 336 1015 378 distribui
1047 337 1205 379 debent
1251 339 1315 379 uti
1362 341 1686 396 antepagmenti

161 409 333 459 praeter
386 403 622 459 cymatium
675 418 730 444 ex
774 404 969 460 partibus
1024 417 1091 445 VII
1136 405 1322 447 habeant
1368 406 1475 448 duas
1525 414 1684 463 partes.

161 471 340 527 ipsaque
384 474 471 512 non
514 470 623 511 fiunt
667 470 878 513 clathrata
914 487 1053 528 neque
1096 472 1237 513 bifora
1282 474 1358 514 sed
1404 473 1598 529 valvata,
1644 482 1685 516 et

161 545 384 595 aperturas
416 537 578 579 habent
608 539 652 578 in
685 540 920 581 exteriores
951 547 1133 596 partes„

276 605 396 657 Quas
434 606 622 647 rationes
659 606 832 648 aedium
870 622 1089 648 sacrarum
1125 608 1171 647 in
1201 607 1530 651 formationibus
1562 625 1684 666 opor-

160 680 249 714 teat
278 673 372 713 fieri
402 672 561 715 doricis
593 675 746 716 ionicis
775 674 1089 730 corinthiisque
1127 675 1353 730 operibus,
1396 678 1536 731 quoad
1566 680 1686 735 potui

160 742 397 796 attingere,
439 740 575 781 veluti
605 740 810 796 legitimis
841 742 1032 784 moribus
1066 744 1259 798 exposui.
1320 758 1433 784 nunc
1464 744 1516 785 de
1546 752 1685 787 tusca—

160 809 271 849 nicis
313 808 672 864 dispositionibus
713 809 1075 866 quemadmodum
1106 811 1277 851 institui
1308 818 1501 867 oporteat
1532 812 1685 854 dicam.

162 875 279 917 locus
292 909 303 929 ,
336 877 382 917 in
403 892 485 932 quo
508 877 627 918 aedis
650 878 956 931 constituetur,
991 892 1085 918 cum
1108 877 1308 919 habuerit
1339 879 1384 918 in
1415 877 1686 934 longitudine

162 958 241 985 sex
261 951 429 1000 partes,
462 960 546 985 una
567 944 769 1002 adempta
791 945 1005 1002 reliquum
1034 945 1150 1001 quod
1182 946 1262 986 erit
1294 944 1517 988 latitudini
1548 947 1685 989 detur.

160 1011 389 1066 longitudo
411 1018 554 1053 autem
576 1013 800 1054 dividatur
820 1014 1027 1070 bipertito
1050 1021 1090 1054 et
1113 1028 1221 1069 quae
1252 1028 1352 1069 pars
1385 1015 1465 1055 erit
1495 1015 1687 1070 interior,

163 1077 367 1119 cellarum
405 1081 557 1135 spatiis
600 1080 875 1136 designetur,
915 1097 1025 1138 quae
1064 1082 1144 1122 erit
1182 1082 1381 1137 proxima
1419 1083 1574 1136 fronti,
1621 1098 1686 1124 co—

108 1192 127 1205 ,ε
164 1145 404 1188 lumnarum
445 1147 723 1204 dispositioni
760 1149 1041 1205 relinquatur.
1107 1150 1211 1189 item
1249 1148 1432 1190 latitudo
1464 1149 1688 1192 dividatur

164 1215 210 1254 in
246 1220 390 1271 partes
430 1227 474 1255 X.
505 1234 509 1237 ·
536 1231 591 1256 ex
628 1215 695 1257 his
734 1224 882 1257 ternae
920 1224 1063 1273 partes
1096 1216 1251 1257 dextra
1281 1231 1332 1256 ac
1362 1217 1537 1258 sinistra
1569 1218 1686 1259 cellis

164 1282 404 1323 minoribus
445 1284 539 1324 sive
578 1283 761 1345 ibi-alae
792 1285 961 1325 futurae
994 1292 1093 1326 sunt
1124 1284 1302 1337 dentur,
1341 1284 1534 1341 reliquae
1565 1293 1685 1342 quat-

162 1356 260 1390 tuor
280 1349 449 1390 mediae
470 1350 567 1391 aedi
588 1352 890 1393 attribuantur.
953 1353 1142 1409 spatium
1173 1352 1287 1407 quod
1318 1352 1398 1392 erit
1428 1360 1528 1393 ante
1559 1353 1686 1394 cellas

164 1418 209 1457 in
239 1433 424 1474 pronao,
464 1419 525 1459 ita
563 1419 773 1461 columnis
815 1419 1068 1475 designetur
1096 1426 1144 1460 ut
1175 1418 1403 1474 angulares
1436 1427 1584 1461 contra
1613 1437 1685 1461 an-

163 1491 250 1538 tas,
282 1486 496 1541 parietum
527 1494 816 1529 extremorum
847 1503 870 1528 e
899 1489 1097 1543 regione,
1131 1486 1427 1540 conlocentur,
1460 1487 1570 1528 duae
1599 1503 1686 1530 me—

164 1552 262 1592 diae
301 1568 323 1593 e
358 1554 534 1608 regione
572 1556 784 1610 parietum
824 1555 897 1611 qui
934 1556 1048 1595 inter
1086 1562 1207 1596 antas
1249 1561 1290 1595 et
1320 1554 1506 1596 mediam
1538 1556 1686 1597 aedem

163 1619 345 1674 fuerint,
377 1622 438 1662 ita
459 1620 799 1676 distribuantur,
833 1630 874 1663 et
904 1624 1016 1663 inter
1046 1630 1168 1664 antas
1201 1629 1242 1663 et
1273 1621 1491 1663 columnas
1522 1625 1686 1679 priores

163 1702 240 1743 per
281 1689 471 1729 medium
509 1690 648 1730 isdem
687 1690 936 1745 regionibus
975 1690 1136 1731 alterae
1174 1690 1470 1746 disponantur.
1531 1706 1689 1748 eaeque

165 1756 251 1795 sint
295 1757 381 1796 ima
425 1757 711 1798 crassitudine
757 1758 1001 1799 altitudinis
1039 1764 1162 1814 parte
1205 1769 1294 1810 VII,
1339 1756 1523 1799 altitudo
1561 1761 1688 1801 tertia

165 1830 287 1878 parte
333 1823 577 1866 latitudinis
623 1825 797 1881 templi,
844 1840 1093 1881 summaque
1139 1824 1336 1866 columna
1374 1832 1526 1881 quarta
1567 1834 1688 1883 parte

123 1906 129 1914 ·
167 1890 466 1932 crassitudinis
504 1893 615 1933 imae
653 1893 944 1934 contrahatur.
1013 1894 1155 1949 spirae
1187 1907 1332 1934 earum
1362 1892 1475 1933 altae
1506 1893 1688 1935 dimidia

165 1966 287 2015 parte
310 1959 612 2001 crassitudinis
643 1960 761 2001 fiant.
821 1961 1007 2001 habeant
1038 1962 1180 2017 spirae
1213 1975 1357 2001 earum
1388 1959 1603 2015 plinthum
1633 1962 1687 2003 ad

166 2027 375 2069 circinum
412 2027 544 2069 altam
582 2043 682 2069 suae
713 2028 1014 2070 crassitudinis
1047 2027 1228 2069 dimidia
1265 2035 1406 2085 parte,
1445 2034 1585 2069 torum
1623 2031 1683 2070 in-

260 2214 276 2243 1
305 2209 485 2252 eircu(pro
517 2211 620 2243 'circii
658 2212 680 2245 i.
713 2222 742 2242 e.
783 2213 931 2252 circum,
973 2204 1077 2244 effeti*
1111 2211 1308 2254 Gc)dantur
1349 2213 1386 2242 (ι’.
1429 2209 1444 2253 Η
1490 2212 1544 2242 uti
1584 2216 1685 2244 ante-

168 2269 354 2310 pagmenti
386 2268 436 2308 (f)
469 2278 529 2308 eqo
561 2268 619 2307 (cf.
645 2278 680 2308 p.
708 2270 766 2305 98,
794 2266 848 2310 8):
890 2268 943 2299 uti
975 2272 1058 2300 ante
1085 2272 1283 2310 pagmenta
1317 2268 1385 2298 GH
1415 2267 1483 2307 (uti
1514 2268 1550 2298 in
1584 2272 1685 2300 ante-

169 2325 375 2365 pagmentis
401 2322 504 2365 ιΙοε·.).
535 2319 550 2366 Η
584 2326 603 2355 3
630 2323 816 2354 clathrata
841 2326 893 2357 ed.
926 2325 1027 2358 Ven.:
1056 2325 1134 2367 celo
1161 2327 1278 2355 strata
1307 2324 1333 2354 G
1360 2323 1596 2374 (celovstrata
1613 2323 1685 2367 GC),

171 2390 396 2423 caelostrata
420 2391 460 2422 Il
483 2389 519 2431 (l,
545 2392 608 2423 sed
631 2391 722 2423 caelo
748 2394 866 2423 strata
891 2403 917 2429 e,
947 2392 1025 2434 celo
1052 2395 1169 2424 strata
1194 2392 1270 2427 Lea
1298 2391 1375 2422 celo
1401 2394 1517 2422 strata
1541 2390 1588 2430 Ιι).
1618 2388 1634 2434 Η
1667 2393 1687 2422 6

171 2447 303 2479 doricis
334 2448 414 2481 add.
447 2449 499 2479 ed.
526 2448 577 2481 Fl.
606 2446 699 2487 (ficri
725 2448 854 2479 ionicis
882 2448 975 2489 GH).
1006 2445 1020 2491 Η
1050 2450 1069 2480 9
1096 2448 1205 2480 aedes
1222 2450 1312 2479 solus
1329 2448 1370 2482 L.
1401 2445 1415 2490 Η
1452 2449 1490 2479 10
1515 2447 1687 2489 adempta

170 2502 384 2545 (adlempta
408 2503 460 2544 ll)
487 2503 526 2534 H
549 2502 658 2544 <Llc):
686 2504 833 2546 dempta
862 2504 898 2537 G.
933 2502 949 2547 Η
980 2506 1018 2535 11
1045 2505 1236 2547 bipertito:
1267 2506 1316 2535 siz:
1344 2504 1419 2537 GH.
1455 2500 1469 2545 Η
1501 2505 1540 2534 13
1567 2503 1685 2546 dispo-

171 2559 299 2590 sitioni
327 2559 368 2590 G:
397 2570 485 2591 —ne
510 2560 550 2590 ll
573 2557 675 2601 (Ltc).
698 2558 713 2601 Η
739 2562 779 2592 14
805 2561 854 2592 X:
881 2562 930 2593 sic
958 2561 1033 2592 GH.
1060 2559 1074 2603 Η
1102 2562 1143 2592 15
1170 2561 1250 2592 alae
1276 2561 1368 2591 .sOC.:
1397 2559 1495 2590 aliae
1523 2559 1615 2600 (—i‘}
1644 2561 1686 2600 G)

173 2617 249 2648 GH.
275 2613 290 2659 Η
311 2616 387 2648 sive
408 2641 414 2647 .
436 2641 442 2646 .
463 2643 470 2650 .
490 2619 590 2650 sunt:
616 2618 664 2648 sic
684 2617 753 2647 GH
771 2617 828 2658 (ef.
847 2628 880 2657 p.
896 2619 949 2656 98,
969 2619 988 2648 6
1005 2617 1095 2657 ecca).
1122 2614 1137 2659 Η
1172 2617 1210 2648 18
1230 2627 1247 2647 e
1267 2618 1345 2650 add,
1365 2617 1443 2648 joe.
1463 2614 1522 2654 (W,
1548 2615 1644 2656 reo).
1668 2616 1683 2655 Η

172 2674 215 2704 20
245 2672 448 2704 interantas
471 2670 475 2714 Ι
499 2676 534 2704 et
562 2673 604 2704 G:
644 2673 738 2705 inter
769 2678 856 2705 anta
877 2671 883 2715 Ι
905 2671 934 2703 δι
957 2673 997 2704 H
1027 2672 1139 2715 (inter
1172 2676 1259 2705 anta
1292 2671 1321 2702 δ’,
1350 2672 1389 2703 cle
1419 2672 1481 2702 sed
1511 2674 1611 2702 antas
1641 2670 1685 2707 le2,

173 2728 269 2759 inter
295 2731 381 2760 anta
405 2738 422 2759 ἰ
453 2731 479 2765 l,
514 2730 609 2760 inter
634 2732 718 2761 anta
745 2732 780 2761 et
805 2729 861 2770 L).
897 2726 912 2772 Η
941 2731 981 2761 21
1010 2729 1150 2762 alterae
1177 2730 1416 2770 disponantur
1445 2728 1537 2760 Joc.:
1571 2728 1688 2760 altera

174 2784 276 2816 aedis
302 2782 429 2826 (aedes
454 2783 500 2827 L)
526 2788 680 2826 ponatur
708 2786 783 2817 GH.
815 2783 830 2827 Η
864 2795 1000 2827 eaeque
1018 2787 1111 2818 docnt
1140 2796 1254 2827 aeque
1276 2784 1342 2814 (ill
1367 2783 1497 2824 (aeque
1516 2784 1589 2815 sint
1614 2785 1687 2815 ima

178 2862 214 2899 G,
242 2873 377 2904 aeques
403 2864 531 2896 intima
551 2865 626 2904 Hle,
654 2857 789 2913 heque's
814 2865 941 2896 intima
968 2865 1025 2907 L).
1059 2862 1074 2908 Η
1111 2866 1152 2896 22
1178 2845 1246 2896 ὟὟΙ
1275 2865 1327 2894 1ι”’.
1359 2859 1372 2902 Η
1407 2863 1447 2892 ‘24
1475 2862 1568 2893 imae
1594 2862 1686 2895 docnt

176 2930 249 2961 ima
275 2930 351 2964 GH.
382 2929 397 2973 Η
431 2931 528 2964 altae
554 2933 646 2966 doen:
674 2932 748 2964 alia
776 2910 852 2965 (Til,

1364 2982 1421 3026 7..

1711 620 1731 649 εἰ

1717 889 1787 920 VII

1716 958 1754 987 10

1715 1296 1755 1325 15

1713 1968 1755 1998 ‘25
