1909 3322
161 923 200 952 10

163 1259 202 1288 15

223 195 306 237 200
875 204 1083 234 vrrlzuvn

337 307 445 347 Item
478 312 577 346 sunt
607 305 838 346 nonnullae
857 305 1007 346 acidae
1030 320 1164 347 venae
1196 305 1394 359 fontium,
1426 308 1491 348 uti
1522 308 1738 364 Lyncesto

225 381 266 415 ct
297 375 342 414 in
372 372 500 414 Italia
521 371 698 426 Velino,
732 372 970 429 Campania
1000 373 1145 415 Teano
1176 372 1357 429 aliisque
1389 373 1494 415 locis
1526 374 1738 432 pluribus,

225 456 333 498 quae
361 441 472 481 hanc
501 439 662 481 habent
693 441 899 482 virtutem
921 441 983 482 uti
1006 440 1190 482 calculos
1211 441 1257 481 in
1277 441 1434 482 vesicis
1457 443 1530 498 qui
1559 457 1738 484 nascun-

224 516 294 552 tur
323 509 369 549 in
389 508 640 564 corporibus
675 508 896 549 hominum
915 508 1164 565 potionibus
1186 508 1435 550 discutiant.
1485 509 1579 551 fieri
1598 517 1741 552 autem

224 577 305 618 1100
335 574 590 616 naturaliter
619 575 716 617 ideo
748 575 921 617 videtur
958 576 1071 632 quod
1102 589 1201 616 acer
1231 581 1272 615 et
1301 575 1450 617 acidus
1483 591 1608 618 sucus
1641 577 1739 619 sub-

226 649 291 685 est
331 644 376 683 in
415 657 464 683 ea
501 648 637 697 terra,
677 658 753 699 per
791 658 918 699 quam
957 643 1230 698 egredientes
1268 657 1404 684 venae
1439 644 1742 700 intinguuntur

224 709 480 763 acritudine,
513 717 555 750 et
584 711 645 751 ita
676 725 772 751 cum
803 712 847 751 in
878 725 1030 767 corpus
1061 711 1271 764 inierunt,
1303 710 1518 768 dissipant
1549 727 1656 768 quae
1687 728 1742 754 ex

225 793 432 834 aquarum
470 777 742 818 subsidentia
782 779 827 819 in
861 777 1111 834 corporibus
1148 780 1522 820 exconcrescentia
1556 780 1742 821 offende-

225 852 338 888 runt.
399 860 530 901 quare
559 851 702 886 autem
733 845 1021 886 discutiantur
1051 860 1107 887 ex
1143 845 1277 887 acidis
1319 861 1393 887 eae
1422 855 1513 900 res,
1554 848 1616 889 sic
1646 863 1741 905 pos-

227 928 370 955 sumus
392 912 748 954 animadvertere.
809 928 937 955 ovum
968 914 1012 954 in
1033 919 1154 955 aceto
1176 914 1211 954 si
1243 914 1404 955 diutius
1435 916 1622 971 positum
1656 916 1742 958 fuc-

226 983 296 1035 rit,
329 987 479 1022 cortex
501 980 590 1021 eius
613 979 832 1021 mollescet
854 987 895 1022 01
919 980 1195 1022 dissolvetur.
1247 982 1347 1022 item
1371 981 1606 1038 plumbum,
1630 984 1744 1040 quod

227 1055 292 1089 est
322 1048 606 1089 lentissimum
630 1054 671 1088 et
700 1048 1024 1103 gravissimum,
1058 1049 1095 1089 si
1126 1049 1169 1089 in
1192 1063 1293 1089 vase
1316 1049 1582 1092 conlocatum
1614 1051 1743 1093 fuerit

228 1123 267 1157 et
299 1117 343 1156 in
374 1131 422 1156 eo
452 1121 621 1156 acetum
652 1115 882 1168 suffusum,
914 1115 960 1156 id
990 1122 1133 1157 autem
1155 1122 1348 1173 opertum
1374 1123 1414 1158 et
1446 1117 1627 1160 oblitum
1648 1120 1742 1174 erit,

228 1183 439 1224 efficietur
475 1183 539 1224 uti
577 1181 800 1239 plumbum
839 1182 1104 1225 dissolvatur
1142 1190 1184 1224 et
1222 1183 1296 1225 fiat
1334 1199 1519 1227 cerussa.
1580 1187 1743 1229 eisdem

227 1250 466 1292 rationibus
498 1265 583 1304 aes,
617 1251 731 1306 quod
764 1251 893 1291 etiam
925 1250 1127 1302 solidiore
1159 1258 1223 1292 est
1253 1258 1420 1306 natura,
1453 1253 1651 1295 similiter
1671 1270 1742 1296 011-

226 1324 365 1359 ratum
396 1319 432 1358 si
462 1317 605 1371 fuerit,
639 1317 923 1373 dissipabitur
954 1324 995 1359 et
1025 1319 1099 1360 fiet
1129 1333 1302 1374 aerugo.
1362 1320 1466 1361 item
1495 1324 1742 1377 margarita,

226 1401 312 1426 non
333 1386 473 1426 minus
497 1400 601 1426 saxa
624 1385 785 1439 silicea,
819 1400 926 1441 quae
947 1400 1088 1442 neque
1116 1386 1277 1427 ferrum
1298 1402 1437 1443 neque
1458 1389 1571 1443 ignis
1603 1396 1746 1446 potest

228 1468 303 1509 per
324 1468 368 1493 se
391 1452 643 1506 dissolvere,
677 1468 773 1494 cum
794 1454 849 1493 ab
880 1454 971 1508 igni
994 1460 1093 1495 sunt
1123 1453 1422 1510 percalefacta,
1453 1463 1574 1498 aceto
1596 1471 1744 1513 sparso

229 1520 450 1561 dissiliunt
482 1527 521 1560 01
553 1519 862 1561 dissolvuntur.
924 1535 1025 1575 ergo
1057 1536 1153 1562 cum
1183 1521 1258 1562 has
1290 1537 1356 1563 res
1387 1530 1486 1564 ante
1518 1523 1662 1565 0011105
1684 1525 1744 1566 ita

228 1588 320 1628 fieri
351 1587 590 1640 videamus,
622 1588 927 1628 ratiocinemur
957 1587 1094 1629 isdem
1124 1589 1362 1631 rationibus
1395 1605 1450 1630 ex
1479 1591 1616 1632 acidis
1648 1607 1742 1647 pro—

228 1662 322 1711 pter
352 1654 638 1695 acritudinem
670 1656 761 1696 suci
794 1656 923 1696 etiam
954 1655 1186 1698 calculosos
1220 1672 1242 1697 0
1273 1664 1425 1699 natura
1454 1673 1596 1699 rerum
1628 1660 1742 1700 simi-

228 1721 328 1763 liter
358 1737 485 1778 posse
516 1722 669 1762 curari.
1323 1714 1328 1718 ’

342 1789 450 1830 Sunt
480 1795 623 1830 autem
655 1790 783 1831 etiam
814 1790 954 1832 fontes
985 1792 1049 1832 uti
1079 1792 1180 1833 vino
1212 1793 1353 1845 mixti,
1385 1793 1743 1848 quemadmodum

230 1863 293 1897 est
323 1872 431 1897 unus
464 1856 806 1913 Paphlagoniae,
839 1872 893 1898 ex
923 1873 1005 1914 quo
1039 1874 1131 1899 eam
1161 1873 1317 1915 aquam
1349 1860 1440 1900 sine
1462 1862 1563 1902 vino
1595 1868 1742 1918 potan-

230 1930 293 1964 tes
325 1923 430 1964 fiunt
461 1923 699 1965 temulenti.
759 1925 1010 1981 Aequiculis
1033 1933 1175 1968 autem
1206 1928 1250 1967 in
1272 1926 1399 1968 Italia
1421 1934 1462 1969 et
1493 1930 1537 1969 in
1560 1928 1743 1985 Alpibus

228 1991 401 2031 natione
451 1990 738 2032 Medullorum
790 2000 853 2034 est
909 2007 1044 2047 genus
1094 2008 1230 2049 aquae
1286 2010 1413 2050 quam
1463 1997 1537 2051 qui
1590 1996 1745 2038 bibunt

230 2057 477 2098 efficiuntur
521 2059 705 2113 turgidis
751 2060 1013 2114 gutturibus.
1092 2061 1282 2102 Arcadia
1333 2077 1434 2103 vero
1481 2064 1635 2105 civitas
1681 2071 1745 2106 est
1770 2082 1778 2089 ·

229 2139 314 2165 11011
352 2125 500 2179 ignota
539 2125 730 2179 Clitorii,
771 2128 816 2167 in
855 2128 973 2168 cuius
1011 2129 1127 2182 agris
1172 2135 1236 2170 est
1282 2129 1484 2185 spelunca
1528 2131 1744 2186 profluens

321 2331 340 2360 2
365 2329 485 2361 velino
514 2330 671 2361 Budaeus
702 2329 761 2368 (eae
789 2331 871 2364 l'lin.
901 2334 955 2369 31,
983 2333 1033 2371 !)):
1076 2332 1208 2364 vienna
1234 2333 1347 2367 EGH.
1378 2332 1392 2375 Η
1425 2334 1559 2367 theano
1587 2336 1697 2372 EGH.
1727 2336 1740 2374 ’,

231 2388 259 2422 3,
277 2385 369 2417 hanc
386 2385 539 2417 habent:
564 2387 613 2417 sic
630 2385 742 2420 EGH.
777 2384 791 2429 Η
824 2387 877 2418 1111
900 2388 941 2418 H
963 2387 1072 2430 (Lle):
1100 2391 1140 2420 ut
1157 2388 1231 2420 EG.
1262 2386 1277 2431 ΙΙ
1309 2391 1327 2420 6
1353 2390 1582 2434 intinguntur
1598 2393 1708 2424 EGH.
1727 2392 1740 2433 Η

232 2443 249 2473 7
276 2441 436 2472 inierunt
461 2442 566 2473 EGH
595 2439 667 2482 (Ll,
695 2442 843 2475 inierint
870 2443 985 2483 an—h).
1019 2441 1033 2486 Η
1065 2445 1085 2475 8
1112 2447 1436 2478 exconerescentia
1460 2458 1537 2489 690:
1570 2446 1599 2479 &
1625 2447 1674 2489 (et
1701 2450 1742 2490 G)

232 2497 393 2537 concre(i
410 2503 486 2529 ante
512 2508 600 2529 corr.
629 2496 824 2538 H)scentia
849 2499 961 2531 EGH.
990 2497 1005 2543 Η
1038 2500 1257 2532 offenderint
1282 2501 1341 2536 EG.
1373 2500 1387 2544 Η
1420 2505 1439 2535 9
1467 2514 1532 2535 eae
1558 2504 1664 2536 ΕΘΗ
1686 2503 1740 2545 (L,

229 2555 292 2585 sed
308 2553 355 2583 [β
381 2563 454 2593 eas,
482 2553 551 2584 hae
576 2552 632 2595 10).
657 2550 672 2596 Η
702 2555 740 2584 11
769 2555 884 2586 cortix
903 2557 942 2588 Ic.
975 2554 989 2598 Η
1021 2556 1209 2588 mollescet
1233 2557 1313 2589 EG:
1341 2559 1436 2589 —cit
1461 2560 1497 2590 H
1524 2560 1625 2601 (Lle).
1654 2564 1667 2597 Η
1703 2562 1743 2592 15

232 2609 342 2650 quod:
371 2609 455 2650 quia
481 2609 522 2639 E.
554 2606 569 2651 Η
604 2609 644 2640 16
677 2609 786 2640 fuerit
814 2604 831 2654 ξ’
856 2610 1066 2653 dissipabit‘)
1095 2613 1132 2643 H
1163 2611 1193 2652 (5
1224 2614 1289 2646 del.
1315 2615 1395 2655 Hc).
1426 2613 1440 2656 Η
1471 2615 1533 2646 fiet
1562 2616 1603 2646 H
1632 2616 1741 2657 (Lle):

232 2664 295 2696 fiat
324 2665 399 2698 EG.
438 2664 452 2706 Η
491 2665 530 2696 17
557 2665 684 2696 silicea
711 2676 802 2707 quae
837 2666 998 2707 (silicea.
1017 2666 1019 2708 ζ
1038 2679 1131 2710 quae
1157 2668 1203 2710 E>
1231 2669 1311 2702 EG:
1345 2669 1593 2712 silicelaquae
1620 2673 1657 2703 H
1681 2672 1741 2711 (51-

232 2720 455 2762 lice.aquae
484 2721 528 2760 L,
562 2720 664 2762 silice
691 2732 782 2763 aque
809 2725 833 2762 l,
861 2723 1062 2766 siliceaque
1089 2723 1153 2766 ch).
1185 2722 1200 2766 Η
1231 2726 1273 2756 20
1299 2723 1437 2758 hisdem
1464 2727 1568 2758 EGH
1595 2725 1657 2767 (10,
1685 2728 1741 2760 1115

232 2775 274 2806 de
306 2776 362 2817 L).
397 2773 410 2817 Η
442 2777 483 2807 24
515 2777 769 2819 paphagoniae
801 2778 832 2809 E
864 2780 1123 2823 (paphaglonie
1153 2779 1192 2823 l).
1226 2778 1241 2823 Η
1279 2790 1355 2812 eam
1388 2792 1517 2823 aquam
1549 2783 1627 2814 sine
1659 2784 1738 2817 EG:

234 2842 311 2862 eam
338 2832 414 2863 sine
439 2832 473 2862 ll
493 2831 596 2873 (Lle).
619 2831 633 2875 Η
655 2834 697 2865 25
722 2833 942 2874 Aequiculus
970 2836 1011 2869 Ε.
1047 2833 1062 2879 Η
1095 2837 1137 2867 26
1164 2836 1340 2880 bibebunt
1363 2838 1426 2869 HC.
1461 2835 1475 2879 Η
1507 2840 1547 2870 27
1575 2839 1740 2871 arcadia:

232 2888 279 2917 xic
305 2886 389 2926 (sine
415 2885 466 2929 in)
493 2887 605 2919 EGH.
639 2886 653 2931 Η
684 2889 726 2921 28
753 2889 909 2921 Clitorii:
935 2893 982 2923 sic·
1009 2890 1160 2933 (clitori)
1191 2893 1297 2925 EGll.

1768 525 1808 556 18

1773 1202 1810 1232 10

1770 1810 1812 1840 20
