1909 3322
200 948 239 978 10

201 1953 220 1982 [Φ

225 1954 244 1983 <51

261 220 344 262 258
912 224 1120 255 VITRUVH

262 338 406 388 partes
446 335 562 382 octo7
604 341 763 383 eaeque
800 326 940 366 lineae
978 326 1038 366 ita
1079 325 1355 366 conlocentur
1388 330 1436 364 ut
1472 323 1600 380 plano
1637 325 1779 380 posito

262 400 383 453 tigno
414 396 639 451 utriusque
677 394 832 450 capitis
871 393 927 434 ad
965 392 1155 448 libellam
1193 391 1332 432 lineae
1372 392 1485 431 inter
1523 405 1567 431 se
1604 405 1778 446 respon-

263 466 392 506 deant
424 470 466 504 et
497 477 623 519 quani
660 475 817 515 magna
838 476 934 516 pars
958 461 1014 501 sit
1036 466 1189 501 octava
1212 459 1504 499 circinationis
1536 459 1661 512 tigni,
1692 464 1781 498 tam

261 547 417 587 magna
448 531 589 587 spatia
619 528 874 569 decidantur
911 529 955 569 in
986 526 1315 581 longitudinem.
1369 526 1471 566 item
1502 526 1623 580 tigno
1654 523 1781 580 plano

263 600 482 642 conlocato
520 597 658 638 lineae
688 596 744 637 ab
776 596 916 652 capite
946 594 1001 634 ad
1031 593 1215 634 alterum
1247 598 1374 648 caput
1404 592 1696 648 perducantur
1725 591 1781 632 ad

262 667 452 709 libellam
469 665 788 707 convenientes.
830 663 890 703 sic
914 668 955 702 et
976 663 1020 702 in
1040 660 1343 702 rotundatione
1375 668 1418 701 et
1438 660 1482 700 in
1512 659 1782 715 longitudine

263 734 460 791 aequalia
492 733 633 789 spatia
663 731 781 772 fient.
842 731 903 770 ita
934 744 1016 784 quo
1048 729 1129 769 loci
1170 727 1474 768 describuntur
1504 726 1643 768 lineae
1675 741 1783 783 quae

264 809 364 844 sunt
401 803 446 842 in
484 799 777 854 longitudine,
826 802 1038 837 sectantes
1086 795 1247 835 facient
1298 794 1621 835 decussationes
1661 800 1702 834 et
1738 794 1783 834 in

265 867 639 911 decussationibus
686 866 807 906 finita
843 870 1013 920 puncta.
1081 863 1148 903 his
1190 863 1253 903 ita
1291 861 1514 902 emendate
1553 862 1782 917 descriptis

265 938 450 978 sumitur
495 934 687 988 salignea
732 933 873 972 tenuis
919 937 992 971 aut
1038 931 1090 970 de
1130 930 1260 970 vitice
1307 938 1421 970 secta
1459 928 1630 983 regula,
1677 942 1784 984 quae

266 1011 393 1046 uncta
424 1002 590 1059 liquida
621 1002 715 1056 pice
746 999 903 1053 figitur¹
925 999 969 1038 in
1002 999 1140 1053 primo
1172 997 1364 1037 decussis
1401 1003 1576 1052 puncto.
1628 995 1784 1036 deinde

264 1072 460 1112 traicitur
491 1068 664 1123 oblique
694 1066 750 1106 ad
780 1067 1058 1121 insequentes
1090 1064 1374 1118 longitudinis
1408 1070 1449 1104 ct
1474 1063 1784 1104 circumitionis

265 1139 489 1190 decusses,
536 1137 639 1176 item
678 1149 733 1174 ex
771 1133 921 1174 ordine
960 1131 1240 1188 progrediens
1273 1131 1444 1186 singula
1475 1138 1633 1187 puncta
1664 1145 1783 1187 prae-

264 1205 472 1246 tereundo
506 1210 546 1243 et
578 1203 739 1242 circum
771 1199 1036 1241 involvendo
1068 1198 1315 1240 conlocatur
1344 1200 1389 1239 in
1421 1198 1603 1252 singulis
1636 1198 1784 1238 decus-

269 1271 524 1324 sationibus,
559 1276 599 1311 et
631 1271 690 1309 ita
720 1269 918 1324 pervenit
950 1273 991 1307 et
1021 1267 1172 1321 figitur
1202 1266 1257 1306 ad
1290 1281 1380 1306 eam
1403 1266 1559 1306 lineam
1580 1265 1785 1306 recedens

266 1356 290 1380 a
320 1341 458 1395 primo
496 1339 540 1378 in
580 1343 778 1377 octavum
818 1341 1047 1391 punctum,
1088 1335 1131 1374 in
1171 1348 1254 1389 qua
1291 1334 1430 1388 prima
1468 1348 1567 1388 pars
1600 1333 1689 1372 eius
1722 1339 1786 1372 est

267 1407 366 1447 fixa.
429 1420 477 1446 eo
517 1404 643 1445 modo
686 1410 890 1459 quantum
932 1400 1207 1457 progreditur
1251 1400 1424 1456 oblique
1463 1401 1593 1456 spatii
1633 1406 1674 1440 et
1711 1414 1787 1455 per

267 1481 362 1515 octo
393 1479 572 1529 puncta,
614 1470 865 1511 tantundem
899 1477 940 1509 et
970 1470 1015 1509 in
1053 1468 1322 1522 l‹1›ngitudine
1360 1467 1556 1523 procedit
1585 1467 1641 1507 ad
1672 1473 1785 1507 octa-

268 1556 369 1582 vum
400 1547 619 1597 punctum.
681 1538 831 1578 eadem
861 1538 1028 1577 ratione
1050 1550 1126 1592 per
1147 1550 1271 1576 omne
1295 1536 1480 1591 spatium
1502 1533 1785 1589 longitudinis

269 1615 310 1648 et
340 1607 619 1649 rotunditatis
652 1604 834 1659 singulis
865 1602 1237 1644 decussationibus
1270 1602 1441 1657 oblique
1472 1601 1583 1642 fixae
1614 1601 1786 1655 regulae

268 1690 343 1732 per
374 1682 468 1716 octo
501 1672 801 1714 crassitudinis
834 1671 1073 1711 divisiones
1105 1669 1323 1710 involutos
1356 1669 1521 1710 faciunt
1553 1668 1723 1709 canales
1746 1675 1787 1709 et

269 1744 427 1784 iustam
459 1740 630 1782 cocleae
660 1738 985 1794 naturalemque
1022 1738 1322 1778 imitationem.
1384 1738 1444 1777 ita
1474 1751 1549 1792 per
1579 1736 1623 1776 id
1655 1737 1785 1776 vesti-

267 1813 387 1865 gium
418 1809 528 1850 aliae
559 1822 689 1863 super
719 1806 825 1848 alias
856 1806 1048 1860 figuntur
1078 1812 1233 1845 unctae
1264 1805 1359 1860 pice
1382 1804 1559 1859 liquida,
1593 1810 1633 1844 et
1656 1818 1785 1858 exag—

268 1884 472 1933 gerantur
504 1876 559 1916 ad
591 1875 635 1915 id
666 1875 730 1915 uti
762 1872 1045 1927 longitudinis
1077 1879 1231 1913 octava
1261 1887 1360 1928 pars
1383 1871 1457 1912 fiat
1488 1886 1652 1911 sumnia
1674 1886 1786 1911 cras-

270 1945 427 1986 situdo.
488 1957 617 1999 supra
664 1957 734 1982 eas
784 1936 1104 1981 circumdantur
1150 1947 1191 1980 et
1234 1940 1425 1994 figuntur
1469 1938 1641 1979 tabulae
1681 1953 1788 1994 quac

275 2161 410 2202 (partes
449 2160 523 2192 Joc.
571 2159 614 2198 cf.
643 2169 678 2199 ρ.
710 2159 791 2195 259,
828 2157 884 2197 12)
923 2159 1003 2187 octo
1042 2156 1117 2189 GH.
1157 2153 1171 2197 Η
1212 2157 1226 2186 1
1261 2158 1315 2186 nt:
1359 2156 1407 2186 sic
1441 2156 1515 2186 GH.
1549 2152 1563 2196 Η
1600 2156 1619 2185 ’2
1659 2154 1791 2196 capitis

274 2217 319 2248 ad
345 2215 507 2248 libellam
536 2213 632 2253 (—h”1
658 2218 736 2243 ante
762 2222 850 2243 corr.
871 2213 908 2252 G7
927 2218 961 2243 ut
978 2224 1005 2243 υ.
1026 2212 1075 2251 6):
1101 2213 1150 2243 sie
1178 2212 1254 2243 GH.
1286 2210 1300 2253 ll
1333 2211 1579 2252 respondeant
1595 2236 1602 2243 .
1618 2213 1654 2241 et
1680 2219 1786 2250 quain

274 2283 406 2314 inagna
432 2277 511 2304 ele:
538 2271 586 2301 sic
613 2270 687 2301 GH.
722 2266 736 2311 Η
768 2271 787 2299 3
813 2272 946 2300 octava
977 2268 1070 2300 Joa:
1104 2271 1255 2299 octavae
1288 2267 1390 2308 (—-ve
1419 2267 1460 2307 G)
1496 2267 1571 2298 GH.
1604 2264 1618 2307 11
1656 2267 1676 2297 4
1702 2266 1789 2297 dici-

274 2329 406 2360 ‹lantnr
430 2328 468 2358 H
493 2327 594 2367 (Gelo,
620 2324 834 2357 decidantur
859 2324 922 2366 14:
950 2324 1156 2354 dividantur
1184 2323 1210 2353 G
1236 2323 1312 2363 (sed
1338 2324 1382 2354 Ge
1405 2325 1437 2354 in
1462 2333 1564 2362 mary.
1590 2323 1605 2352 ῖ
1635 2322 1673 2353 al
1698 2321 1787 2352 dici—

277 2382 414 2424 11311ῖῖ).
448 2380 464 2425 ss
494 2383 595 2423 tigno
623 2381 690 2412 GH
715 2380 771 2420 (L,
798 2381 891 2421 tigni
916 2380 971 2419 le).
1006 2377 1020 2421 Η
1053 2381 1071 2411 7
1098 2389 1166 2420 quo
1195 2380 1239 2410 G:
1267 2378 1359 2419 quod
1384 2380 1421 2409 Il
1448 2378 1501 2419 (L,
1522 2377 1567 2419 qd
1583 2378 1640 2418 Ze).
1663 2375 1676 2419 ΙΙ
1706 2379 1726 2409 8
1751 2378 1787 2408 in

276 2439 502 2482 longitudine
528 2440 738 2479 spectantes
770 2435 969 2476 (sectantes
996 2435 1103 2475 Mar.)
1137 2435 1277 2466 facient
1307 2434 1565 2466 decusationes
1593 2434 1669 2465 GH.
1699 2431 1714 2475 ΙΙ
1748 2435 1787 2464 10

278 2499 340 2527 aut
367 2496 409 2528 G:
437 2497 477 2525 ut
501 2495 537 2525 H
564 2492 666 2533 (Lle).
698 2490 712 2534 ΙΙ
746 2503 830 2533 -que
856 2496 966 2522 uncta
998 2492 1034 2521 ll
1067 2492 1127 2530 (le,
1161 2501 1230 2532 que
1267 2493 1377 2521 uncta
1410 2488 1519 2531 (ἴσως
1558 2501 1625 2532 que
1664 2490 1786 2520 iuncta

277 2557 354 2583 ante
379 2562 448 2584 ras.
478 2550 514 2583 G.
546 2546 561 2591 Η
594 2550 634 2579 12
660 2548 897 2589 longitudinis
925 2548 1066 2587 (—num
1093 2545 1201 2586 Mar.)
1236 2549 1271 2576 ct
1303 2546 1565 2577 circumitionis
1597 2546 1786 2576 decusses:

278 2607 524 2648 longitudines
555 2608 591 2636 et
623 2604 890 2635 circumitiones
924 2603 1067 2634 decusis
1101 2600 1301 2641 (dccustis
1330 2602 1372 2640 G)
1408 2602 1485 2633 Gll.
1517 2599 1532 2644 l]
1572 2604 1611 2633 13
1643 2600 1787 2641 singula

279 2666 414 2705 puncta
440 2664 509 2694 ech:
536 2661 674 2702 singuli
698 2663 833 2701 puncta
861 2660 894 2689 ll
921 2659 1029 2700 (Lle),
1061 2658 1192 2699 singuli
1218 2660 1350 2698 puncto
1379 2658 1415 2690 G,
1449 2655 1463 2698 {l
1497 2659 1537 2688 14
1568 2657 1702 2687 circum
1735 2657 1787 2687 in—

280 2719 473 2751 volvendo:
500 2719 548 2749 sic
576 2717 642 2749 GH
666 2714 842 2755 (circium
958 2715 1005 2754 ll,
1032 2715 1130 2745 circii
1158 2712 1208 2750 1111
1238 2736 1246 2744 .
1266 2738 1300 2745 ..
1330 2712 1383 2752 (ι’),
1413 2710 1426 2754 Η
1462 2714 1501 2743 16
1533 2723 1554 2743 a
1578 2712 1707 2752 primo:
1739 2713 1788 2742 sie

283 2775 358 2807 GH.
391 2772 405 2816 U
439 2775 475 2804 in
501 2784 569 2815 qua
593 2773 708 2814 prima
734 2772 770 2802 Il
795 2768 905 2810 (l2l(·):
939 2771 974 2800 in
1001 2771 1116 2811 prima
1142 2779 1212 2809 qua
1239 2769 1265 2798 G
1297 2768 1372 2808 (sed
1397 2769 1441 2798 Gc
1464 2770 1496 2799 in
1521 2778 1624 2808 marg.
1648 2768 1663 2798 ῖ
1689 2767 1724 2798 al
1751 2768 1787 2797 111

282 2840 352 2869 qua
386 2828 528 2870 prima).
567 2826 581 2870 [1
622 2830 660 2860 17
692 2827 800 2867 spatii
834 2830 869 2855 et
899 2836 976 2866 esso:
1016 2827 1137 2866 spatii-1
1164 2823 1193 2855 δι
1219 2824 1270 2864 (ct
1297 2824 1337 2864 G)
1366 2824 1441 2854 Gll.
1473 2821 1488 2865 [1
1527 2825 1567 2854 18
1593 2826 1676 2854 octa
1703 2825 1739 2855 G.
1768 2821 1785 2865 ΙΙ

282 2907 456 2938 ῒ11111111111ὖ
481 2906 509 2938 &
536 2905 588 2947 (ct
615 2907 673 2946 (1'):
699 2908 747 2937 sie
775 2905 849 2935 (ill.
885 2903 898 2945 Η
929 2905 970 2934 25
996 2914 1103 2944 supra
1130 2904 1209 2944 (sup
1234 2907 1310 2933 {mle
1337 2913 1403 2933 rus.
1433 2902 1477 2931 G:
1496 2928 1514 2929 η
1531 2882 1598 2944 surii
1626 2902 1684 2942 Gs)
1712 2902 1787 2933 Gll.

1808 871 1827 900 ιθ
