1909 3322
144 948 184 977 10

146 1285 185 1315 15

207 216 231 255 8
860 219 1072 249 VITRUVII

208 327 280 382 qui
296 341 321 366 a
337 324 494 368 teneris
511 322 725 364 aetatibus
743 321 1057 363 eruditionibus
1075 321 1208 362 variis
1226 321 1512 375 instruuntur,
1531 321 1727 363 omnibus

207 394 364 435 litteris
396 396 634 446 agnoscunt
666 389 838 431 easdem
858 395 981 431 notas
1002 389 1518 445 communicationemque
1539 390 1728 431 omnium

210 459 557 517 disciplinarum,
597 464 638 499 ct
669 472 719 498 ea
748 473 794 498 re
824 457 996 498 facilius
1035 459 1177 500 onmia
1208 462 1485 511 cognoscunt.
1547 457 1730 513 ideoque

208 530 261 569 de
283 527 503 569 veteribus
525 525 774 567 architectis
798 526 1003 582 Pytheos,
1036 527 1110 581 qui
1131 526 1313 567 Prienae
1334 524 1485 565 aedem
1506 524 1730 565 Minervae

207 595 411 638 nobiliter
448 600 513 635 est
550 593 879 647 architectatus,
927 593 988 635 ait
1025 594 1070 634 in
1108 594 1197 635 suis
1237 592 1555 635 commentariis
1591 592 1729 633 arehi-

208 670 368 705 tectum
399 661 598 704 omnibus
635 662 802 703 artibus
841 667 883 702 et
914 660 1121 703 doctrinis
1153 660 1249 717 plus
1282 666 1481 717 oportere
1511 675 1638 717 posse
1669 659 1730 700 fa·-

209 746 303 772 cere
335 745 462 786 quam
493 730 567 786 qui
599 728 791 784 singulas
823 744 890 770 res
922 729 1011 770 suis
1033 729 1258 770 industriis
1283 734 1324 770 et
1346 728 1731 769 exercitationibus

208 800 264 840 ad
295 813 504 840 summam
543 797 783 839 claritatem
820 797 1131 854 perduxerunt.
1185 797 1237 837 *id
1268 802 1411 838 autem
1450 810 1496 836 re
1535 810 1619 837 non
1658 810 1730 837 ex-

204 867 396 924 peditur.
455 881 541 908 non
572 866 685 906 enim
716 865 845 906 debet
875 879 954 905 nec
984 871 1126 921 potest
1166 879 1260 906 esse
1298 863 1557 905 architectus
1588 879 1730 919 gram-

210 935 390 976 maticus
421 934 485 975 uti
516 933 599 974 fuit
629 933 933 986 Aristarchus,
967 933 1044 974 sed
1074 947 1159 973 non
1189 938 1500 987 agrammatos,
1532 946 1612 972 nec
1642 947 1731 973 mu-

210 1003 322 1044 sicus
354 1008 401 1043 ut
422 1002 727 1054 Aristoxenus,
761 1000 837 1042 sed
867 1016 953 1043 non
982 1016 1169 1054 amusos,
1201 1015 1280 1041 nec
1310 1001 1451 1056 pictor
1473 1006 1521 1041 ut
1541 998 1733 1056 Apelles,

211 1070 287 1112 sed
340 1068 573 1125 graphidos
621 1084 707 1110 non
749 1069 982 1124 inperitus,
1035 1083 1116 1109 nee
1160 1068 1321 1124 plastes
1375 1067 1734 1123 quemadmodum

210 1138 369 1194 Myron
406 1151 481 1177 seu
519 1136 780 1192 Polyclitus,
826 1135 902 1177 sed
939 1136 1119 1178 rationis
1165 1135 1373 1191 plasticae
1409 1151 1496 1177 non
1541 1137 1733 1190 ignarus,

210 1220 290 1246 nec
320 1204 460 1245 denuo
491 1204 685 1245 medicus
723 1210 770 1245 ut
801 1204 1108 1260 Hippocrates,
1155 1203 1232 1245 sed
1269 1218 1354 1244 non
1384 1202 1733 1258 aniatrologetos,

210 1288 289 1314 nec
318 1274 361 1313 in
380 1273 548 1313 ‘ceteris
581 1271 789 1312 doctrinis
822 1271 1100 1327 singulariter
1131 1270 1362 1324 excellens,
1395 1270 1471 1312 sed
1495 1272 1539 1311 in
1561 1270 1627 1311 his
1650 1286 1735 1312 non

211 1340 435 1397 inperitus.
495 1355 580 1381 non
613 1340 727 1380 enim
758 1340 802 1380 in
833 1341 963 1380 tantis
995 1355 1138 1381 rerum
1170 1338 1455 1380 varictatibus
1496 1338 1733 1394 elegantias

211 1407 452 1463 singulares
484 1409 713 1463 quisquam
744 1408 948 1463 consequi
980 1413 1121 1463 potest
1131 1440 1141 1461 ,
1184 1406 1298 1462 quod
1331 1421 1475 1448 earum
1505 1407 1733 1448 ratiocina-

210 1477 348 1518 tiones
381 1490 638 1530 cognoscere
670 1481 711 1516 et
742 1476 964 1531 percipere
995 1476 1072 1515 vix
1104 1475 1219 1516 cadit
1250 1475 1294 1515 in
1325 1480 1596 1530 potestatem.
1656 1489 1736 1515 nec

212 1551 355 1585 tamen
391 1558 476 1584 non
516 1549 682 1584 tantuin
719 1542 945 1584 architecti
975 1558 1060 1583 non
1090 1549 1270 1598 possunt
1300 1543 1345 1582 in
1377 1542 1574 1583 omnibus
1605 1541 1733 1583 rebus

213 1611 371 1653 habere
402 1626 614 1652 summum
647 1610 867 1664 effectum,
908 1610 984 1650 sed
1016 1611 1143 1651 etiam
1175 1611 1259 1666 ipsi
1297 1611 1370 1665 qui
1401 1610 1605 1666 privatim
1638 1625 1732 1665 pro-

212 1680 416 1735 prietates
449 1684 596 1720 tenent
626 1679 784 1720 artium
813 1692 899 1718 non
931 1678 1124 1719 efficiunt
1154 1684 1202 1719 ut
1231 1677 1420 1719 habeant
1451 1692 1597 1719 omnes
1621 1692 1732 1718 511111-

305 1876 318 1903 1
356 1874 418 1913 qui
451 1884 487 1904 a:
530 1883 617 1913 quia
645 1871 650 1911 Ι
681 1873 707 1903 G
745 1864 840 1918 (qul'a
871 1872 948 1912 GC),
983 1872 1067 1913 quia
1105 1873 1141 1902 H
1174 1873 1248 1909 (LI,
1288 1879 1322 1912 q2
1356 1870 1393 1913 [i.
1426 1883 1454 1905 e.
1490 1870 1592 1914 quia]
1634 1873 1688 1914 P).
1716 1871 1731 1914 ll

228 1928 242 1972 Η
275 1932 294 1961 3
322 1938 364 1960 ea
389 1931 424 1960 re
447 1941 483 1970 p.
516 1927 530 1970 Η
562 1930 582 1959 4
608 1927 770 1968 Pytheos
796 1938 873 1969 eqo:
911 1927 1047 1968 pithios
1076 1928 1102 1959 G
1136 1926 1181 1967 (el
1213 1932 1290 1958 ante
1322 1938 1412 1959 corr.
1443 1927 1493 1968 c),
1528 1929 1674 1970 pythios
1700 1930 1736 1960 H

214 1985 388 2025 (Pphlcclz,
414 1984 584 2026 phythios
616 1984 656 2014 L.
689 1983 782 2023 infra
808 1994 846 2023 p,
874 1986 903 2020 (1,
933 1985 949 2013 7
975 1982 1139 2023 pythius,
1166 1988 1201 2014 al
1227 1983 1294 2020 IV,
1324 1985 1345 2014 3
1375 1984 1530 2025 pytheus
1563 1990 1595 2016 ec
1618 1986 1733 2026 praef.

219 2041 295 2072 VII
322 2039 430 2082 phy(1
459 2040 585 2081 G)leos
617 2044 649 2070 et
673 2049 751 2070 7120ae
782 2036 954 2079 phiteus).
1010 2038 1053 2078 c-f.
1090 2038 1226 2075 Brunn,
1257 2039 1373 2075 Geselz.
1399 2042 1432 2072 (1.
1455 2041 1581 2082 9⁷·z'eclz.
1607 2041 1733 2073 Ix'iinsl-

214 2099 264 2128 Ier-
289 2096 342 2133 II,
372 2098 448 2127 370.
467 2094 481 2138 Ι]
499 2096 560 2136 qui
590 2095 747 2126 Prienae
778 2095 850 2128 tloe.
885 2092 932 2134 (uc
957 2094 1026 2134 prs.
1060 2094 1169 2135 VII):
1208 2096 1268 2136 qui
1298 2096 1415 2137 prieni
1440 2098 1475 2128 Il
1515 2097 1598 2138 (eum
1628 2097 1733 2139 cem),

215 2153 276 2193 qui
308 2163 445 2193 primus
476 2150 521 2193 f}
550 2151 668 2193 prieni
701 2150 735 2190 (i.
769 2161 797 2182 e.
831 2150 892 2192 qui
928 2150 1063 2191 primus
1094 2151 1151 2182 vel
1178 2152 1295 2193 prieni
1327 2164 1372 2184 eat
1403 2155 1529 2195 duplici
1559 2155 1737 2196 archetypi

214 2208 370 2250 lectione)
399 2210 434 2245 G,
463 2208 522 2249 qui
542 2207 676 2249 primus
701 2207 824 2245 (alleva
843 2217 987 2248 veraque
1004 2209 1086 2238 male
1105 2207 1229 2247 deleta)
1252 2208 1305 2240 Ge,
1325 2207 1339 2250 Η
1357 2210 1483 2241 aedem
1505 2209 1565 2251 (H,
1585 2211 1650 2252 ede
1670 2210 1734 2252 G):

219 2265 307 2296 eade
329 2276 363 2306 p.
397 2262 411 2306 Η
444 2266 463 2295 6
488 2265 525 2295 111
542 2268 619 2295 aule
638 2263 803 2305 omnibus
820 2264 883 2295 solz·
900 2264 978 2295 add.
997 2263 1036 2294 elz
1063 2261 1144 2304 (Sie.·
1171 2265 1253 2295 —tu
1280 2265 1315 2296 in
1342 2265 1470 2309 offi1bz)
1504 2264 1518 2308 Η
1551 2268 1569 2298 7
1597 2267 1634 2297 in
1659 2267 1734 2298 suis

215 2323 290 2352 ilem
315 2323 364 2352 cll.
383 2318 397 2362 Η
416 2324 451 2352 et
477 2319 801 2352 exercitationibus
821 2330 881 2351 om.
901 2319 1024 2359 .P(se1l
1041 2320 1127 2351 inter
1144 2322 1198 2351 Ιίη.
1218 2324 1328 2362 suppl.
1353 2322 1425 2362 Pe).
1464 2320 1479 2364 Η
1517 2325 1536 2354 8
1562 2334 1638 2365 regn
1666 2334 1694 2355 c.
1717 2320 1732 2365 l}

219 2380 258 2409 lo
284 2378 354 2408 fuit
382 2377 481 2410 Phia:
521 2376 633 2407 fuerit
660 2376 725 2407 GH
752 2376 903 2416 (LPpr,
936 2376 1057 2407 fuerat
1087 2375 1151 2417 cle).
1177 2374 1191 2417 [Ι
1215 2377 1414 2410 aristarcus
1441 2380 1468 2410 G
1494 2380 1734 2419 (aristharcus

220 2434 273 2472 L).
302 2431 317 2474 [l
346 2435 590 2474 agrammatos
614 2432 705 2463 .Ioe.:
739 2434 842 2462 —tus
871 2432 935 2462 (ill
960 2430 1036 2471 (sed
1058 2443 1137 2464 moa·
1156 2443 1299 2465 amusos
1319 2434 1411 2474 GH).
1444 2433 1458 2476 Η
1488 2437 1526 2465 11
1558 2446 1628 2467 11011
1658 2441 1735 2468 (mle

216 2522 304 2543 corr.
330 2522 390 2544 om.
419 2511 455 2544 (J.
487 2509 501 2552 Η
543 2512 582 2542 12
615 2510 826 2552 graphidos:
864 2511 912 2541 sie
939 2511 1004 2541 GH
1038 2511 1134 2552 (LIp,
1170 2511 1380 2553 sgraphidos
1407 2514 1454 2552 P,
1488 2495 1684 2555 graphldos
1705 2516 1733 2552 b,

217 2589 414 2631 graphidus
439 2589 504 2629 elz).
529 2587 543 2631 Η
567 2589 754 2631 imperitus
790 2591 835 2620 H:
877 2590 1062 2630 imperitos
1088 2590 1124 2620 H
1156 2590 1344 2631 (inperitos
1370 2592 1438 2632 Pp,
1473 2576 1659 2634 imperitiis
1690 2594 1732 2634 lb,

222 2673 320 2699 —tus
346 2668 445 2708 Lclz).
464 2666 477 2709 Η
495 2648 638 2709 plastiis
664 2679 691 2698 e.
724 2665 738 2709 Η
772 2670 812 2700 13
838 2678 959 2708 myron
988 2668 1030 2700 G:
1057 2668 1172 2699 miron
1199 2669 1235 2698 ll
1261 2667 1464 2710 (LPplbeh).
1483 2668 1497 2712 Η
1514 2671 1733 2711 polyclitus:

215 2725 264 2754 sic
291 2724 356 2755 GH
384 2723 524 2765 (Lsz),
551 2724 737 2765 policlitus
762 2735 797 2760 c,
824 2723 1002 2765 poliditus
1029 2724 1063 2761 la,
1090 2723 1274 2765 polyditus
1299 2725 1334 2761 h,
1367 2726 1569 2766 polycletus
1594 2729 1614 2758 l.
1645 2724 1660 2769 ΙΙ
1694 2729 1733 2758 14

219 2779 506 2820 aniatrologetos
530 2780 622 2813 ι100.;
648 2783 799 2821 —getus
827 2780 854 2811 G
881 2778 924 2821 (L
943 2783 975 2810 et
999 2777 1141 2820 -gsstus
1160 2779 1217 2820 P),
1243 2791 1400 2822 —gecus
1418 2782 1455 2812 H
1481 2781 1557 2822 (Ibe,
1583 2782 1733 2824 ——gicus

214 2856 298 2896 pGC,
327 2858 619 2900 amatrologecus
644 2858 692 2900 la).
731 2856 745 2900 ΙΙ
784 2859 824 2889 16
855 2838 1035 2899 imperltis
1060 2860 1080 2889 l.
1112 2855 1127 2900 Η
1169 2859 1209 2890 19
1242 2841 1445 2901 architectui
1470 2872 1498 2893 e.
1537 2859 1552 2903 Η
1589 2862 1632 2893 20
1662 2861 1733 2903 ipsi

219 2917 296 2943 ante
322 2923 411 2944 corr.
439 2924 499 2944 om.
527 2916 546 2945 I.
580 2912 594 2956 Η
624 2916 664 2946 21
693 2913 821 2945 effiunt
845 2917 910 2957 Pp,
938 2916 1106 2959 effigiunt
1129 2918 1207 2946 ante
1231 2925 1301 2945 ras.
1330 2916 1349 2946 l.

1760 876 1800 908 13

1763 1486 1803 1516 14
