1899 3322
607 229 669 258 DE
701 229 1053 260 ARCHITECTURA
1088 233 1177 261 [ΑΒ.
1211 233 1252 262 v.
1606 223 1683 263 123

169 329 353 370 latitudo
372 329 639 371 modulorum
658 329 840 371 duorum
851 338 891 371 et
906 332 1068 372 moduli
1089 340 1237 374 sextae
1256 336 1403 390 partis.
1437 336 1567 376 ceteri
1584 350 1682 392 ope-

168 398 227 438 ris
258 396 570 438 modulationes
601 398 666 439 uti
696 398 741 438 in
771 398 951 439 aedibus
983 401 1115 440 sacris
1153 402 1198 441 in
1234 402 1344 443 libro
1373 415 1445 443 1111
1475 404 1680 460 scriptum

169 471 234 505 est
254 466 314 506 ita
334 465 625 521 perficiantur.
677 466 744 506 sin
764 472 908 507 autem
938 468 1101 507 ionicae
1123 468 1344 509 columnae
1373 471 1496 524 fient,
1529 486 1684 526 scapus

167 539 336 589 praeter
366 533 527 589 spiram
558 539 599 574 et
629 532 865 589 capitulum
895 534 940 574 in
970 540 1065 575 octo
1096 542 1137 576 et
1168 536 1393 578 dimidiam
1424 545 1589 594 partem
1620 538 1682 580 di-

167 600 342 641 vidatur
373 606 415 641 et
445 615 500 640 ex
530 600 597 641 his
629 615 714 641 una
735 602 1013 643 crassitudini
1035 601 1256 644 columnae
1277 604 1416 657 detur,
1449 606 1566 661 spira
1588 621 1684 646 cum
1709 620 1729 649 5

167 667 333 724 plintho
372 667 555 708 dimidia
593 669 881 710 crassitudine
919 671 1228 724 constituatur,
1274 672 1452 728 capituli
1483 674 1592 713 ratio
1623 674 1685 714 ita

166 735 240 776 fiat
269 736 333 776 uti
364 736 409 776 in
438 734 707 777 librotertio
746 743 811 778 est
848 736 1203 779 demonstratum.
1264 740 1300 779 si
1338 740 1551 780 corinthia
1588 742 1683 794 crit,

165 818 320 859 scapus
352 808 393 844 et
421 804 538 858 spira
558 805 622 844 uti
643 805 688 844 in
716 805 870 857 ionica,
903 805 1137 861 capitulum
1158 813 1302 847 autem
1323 807 1684 862 quemadmodum

166 871 210 910 in
241 876 392 926 quarto
432 870 542 912 libro
579 878 644 912 est
682 873 911 928 scriptum,
950 874 1012 914 ita
1042 873 1230 915 habeant
1267 876 1491 915 rationem.
1552 875 1682 930 stylo-

165 938 367 994 batisque
410 938 598 979 adiectio
643 954 752 994 quae
795 940 843 980 fit
886 955 962 996 per
1008 941 1222 983 scamillos
1268 943 1459 999 inpares,
1511 957 1566 983 cx
1611 943 1682 983 de-
1712 955 1752 985 10

164 1006 399 1061 scriptione
443 1021 553 1061 quae
598 1022 728 1062 supra
772 1009 936 1063 scripta
978 1015 1042 1049 cst
1078 1011 1121 1050 in
1160 1008 1271 1050 libro
1309 1011 1436 1051 tertio
1474 1017 1681 1052 sumatur.

165 1073 369 1129 epistylia
399 1088 579 1114 coronae
622 1081 851 1130 ceteraque
888 1077 1031 1116 omnia
1060 1077 1116 1117 ad
1147 1077 1441 1119 columnarum
1472 1079 1682 1119 rationem

163 1156 218 1181 οΧ
247 1141 422 1196 scriptis
453 1140 721 1183 voluminum
752 1145 1021 1199 superiorum
1052 1144 1337 1201 explicentur.

276 1208 425 1249 Media
462 1223 565 1251 vero
603 1211 744 1265 spatia
784 1226 893 1266 quae
931 1219 1056 1253 erunt
1096 1213 1177 1253 sub
1215 1213 1290 1254 diu
1327 1214 1439 1254 inter
1478 1214 1681 1270 porticus,

162 1275 411 1316 adornanda
439 1277 653 1318 viridibus
675 1278 893 1332 videntur,
926 1279 1041 1335 quod
1072 1280 1338 1336 hypaethroe
1368 1281 1682 1323 ambulationes
1713 1296 1750 1327 15

161 1342 323 1384 habent
352 1359 553 1405 magnam
583 1345 903 1398 salubritatem,
946 1354 987 1387 et
1018 1349 1203 1403 primum
1233 1348 1451 1390 oculorum
1483 1349 1597 1404 quod
1628 1365 1682 1390 ex

162 1410 377 1453 viridibus
417 1412 589 1453 subtilis
628 1419 669 1454 et
708 1420 966 1455 extenuatus
1003 1430 1076 1456 aer
1113 1423 1287 1472 propter
1323 1418 1556 1458 motionem
1594 1432 1682 1457 cor-

161 1478 277 1533 poris
322 1479 505 1521 influens
554 1480 754 1536 perlimat
799 1483 985 1538 speciem
1033 1490 1075 1524 et
1111 1485 1172 1525 ita
1209 1484 1409 1525 auferens
1455 1499 1510 1525 ex
1548 1484 1682 1526 oculis

160 1560 352 1587 umorem
382 1562 588 1601 crassum,
620 1550 756 1589 aciem
786 1556 959 1590 tenuem
991 1558 1032 1592 et
1062 1558 1232 1593 acutam
1254 1553 1441 1608 speciem
1462 1551 1681 1608 relinquit.

160 1619 383 1669 praeterea
429 1630 524 1656 cum
571 1631 723 1673 eorpus
769 1618 1032 1659 motionibus
1069 1620 1115 1659 in
1151 1619 1442 1661 ambulatione
1481 1619 1680 1672 calescat,
1706 1639 1748 1669 ‘20

161 1696 328 1723 umores
368 1697 423 1723 ex
459 1683 661 1724 membris
702 1699 775 1725 aer
813 1686 1063 1740 exsugendo
1102 1688 1305 1728 inminuit
1344 1686 1574 1743 plenitates
1606 1702 1679 1728 ex-

160 1755 393 1805 tenuatque
435 1750 688 1806 dissipando
727 1752 842 1807 quod
882 1752 975 1809 plus
1016 1754 1129 1795 inest
1175 1770 1301 1810 quam
1347 1769 1499 1810 corpus
1540 1761 1681 1809 potest

161 1818 385 1857 sustinere.
453 1818 532 1858 hoc
570 1825 712 1859 autem
751 1820 811 1860 ita
849 1835 943 1861 esse
988 1836 1043 1862 οΧ
1081 1837 1129 1863 00
1173 1822 1273 1863 licet
1317 1822 1678 1875 animadvertere,

160 1884 275 1939 quod
305 1884 384 1926 sub
416 1886 541 1926 tectis
573 1902 668 1926 cum
699 1888 786 1928 sint
816 1903 1023 1943 aquarum
1055 1889 1194 1931 fontes
1217 1891 1440 1931 autetiam
1463 1890 1680 1931 subterra

159 1951 363 2006 palustris
401 1953 686 2006 abundantia,
730 1969 785 1994 ex
816 1955 880 1995 his
912 1956 1054 1997 nullus
1094 1959 1233 2012 surgit
1271 1973 1392 1999 umor
1429 1957 1675 2010 nebulosus,
1703 1974 1745 2004 25

159 2018 235 2059 sed
274 2020 318 2060 in
354 2021 515 2076 apertis
559 2021 898 2078 hypaethrisque
943 2023 1048 2065 locis
1094 2040 1191 2065 cum
1230 2024 1292 2066 sol
1337 2026 1477 2067 oriens
1517 2040 1677 2081 vapore

158 2093 308 2142 tangat
337 2088 567 2142 mundum,
608 2104 661 2129 ex
693 2090 850 2131 mnidis
883 2097 924 2132 et
955 2091 1276 2134 abundantibus
1316 2094 1477 2135 excitat
1508 2109 1676 2134 umores

158 2160 200 2194 et
231 2168 302 2195 eos
335 2155 614 2210 conglobatos
646 2158 691 2197 in
721 2158 996 2199 altitudinem
1028 2159 1153 2201 tollit.
1214 2176 1314 2215 ergo
1345 2162 1380 2201 si
1412 2163 1473 2202 ita
1505 2161 1676 2202 videtur

156 2222 219 2263 uti
250 2223 295 2261 in
326 2221 576 2278 hypaethris
616 2224 720 2265 locis
760 2225 814 2266 ab
853 2240 950 2267 acre
982 2242 1149 2268 umores
1181 2244 1233 2269 cx
1267 2229 1516 2285 (airporibus
1549 2244 1673 2269 exsu-

157 2296 314 2344 gantur
345 2290 631 2345 molestiores,
673 2293 1033 2348 ‹pieniadmodum
1065 2310 1118 2336 οΧ
1150 2304 1264 2337 terra
1294 2312 1369 2353 per
1399 2296 1577 2339 nebulas
1610 2298 1671 2338 vi-
1699 2313 1741 2342 30

246 2450 266 2480 2
291 2450 380 2481 1111:
406 2452 454 2482 sic·
481 2452 557 2483 GH.
591 2450 606 2493 Η
644 2453 664 2483 4
690 2454 890 2494 capitulum
917 2453 945 2485 ἃς
970 2455 1003 2485 111
1034 2460 1112 2487 unte
1143 2467 1233 2488 corr.
1261 2455 1320 2503 (ἃς)
1348 2459 1392 2490 ll.
1425 2455 1440 2498 ll
1478 2459 1497 2487 5
1528 2467 1599 2487 una
1627 2458 1670 2488 G:

157 2515 216 2535 mn.
244 2505 281 2535 ll
307 2503 410 2546 (Δία).
443 2504 458 2548 Η
490 2508 590 2548 spira
622 2509 700 2540 adel.
734 2510 807 2541 -loc,
843 2509 962 2549 (detur
988 2521 1066 2542 eum
1094 2512 1186 2553 Gll).
1221 2511 1234 2555 ΙΙ
1272 2516 1291 2543 6
1324 2514 1566 2545 constituatur
1597 2515 1667 2545 e(l.:

159 2562 350 2592 —tuantur
367 2562 442 2594 (ill.
466 2560 480 2604 [l
503 2565 522 2595 9
537 2563 698 2596 habeant
716 2566 781 2596 GH
796 2565 848 2604 (lc,
864 2566 1000 2598 habeat
1017 2568 1075 2606 L).
1097 2565 1110 2608 ΙΙ
1136 2570 1176 2600 10
1191 2570 1374 2601 scamillos
1390 2569 1436 2609 (nt
1451 2582 1483 2610 p.
1502 2573 1550 2605 Τι’,
1566 2572 1596 2600 2.
1615 2569 1668 2608 3):

156 2616 332 2648 scabillos
359 2618 426 2649 (ill
450 2617 504 2658 (L,
531 2621 715 2653 scabelles
739 2622 796 2663 lc).
830 2620 843 2664 ΙΙ
882 2623 1028 2664 inpares
1053 2625 1146 2655 doen:
1183 2626 1347 2667 inpartes
1381 2627 1457 2657 (ill.
1491 2623 1504 2666 ΙΙ
1539 2626 1577 2655 11
1602 2625 1668 2656 sub

155 2671 215 2703 diu
235 2672 299 2703 GH
316 2672 373 2714 (L,
390 2674 455 2706 sub
474 2675 557 2707 divo
576 2676 632 2717 Ic).
655 2674 670 2718 Η
695 2678 734 2708 15
760 2678 921 2710 uridibus
939 2679 978 2709 ll
994 2678 1041 2718 (et
1058 2685 1135 2711 (mle
1152 2692 1242 2713 corr.
1262 2682 1304 2721 e).
1328 2680 1342 2723 l}
1366 2682 1589 2723 hypaethroe
1607 2694 1668 2722 eyn

156 2726 204 2767 (ιιι
216 2739 251 2769 p.
272 2731 343 2766 122¹,
360 2730 437 2770 24):
457 2730 608 2774 hypetrq
626 2733 820 2776 (1',hy1›&r02
838 2735 892 2766 ll.
917 2732 932 2777 Η
957 2736 996 2767 16
1011 2735 1120 2767 hbent
1135 2736 1210 2777 (sie)
1229 2739 1261 2768 ll
1276 2736 1406 2778 (sulus).
1426 2736 1440 2779 ΙΙ
1462 2738 1498 2770 17
1514 2737 1668 2770 subtiles

155 2806 193 2836 ll
217 2805 297 2848 (cle).
330 2807 344 2849 {l
378 2809 417 2840 19
443 2809 618 2850 relinquit
645 2812 687 2843 G:
720 2811 874 2853 reliquid
906 2814 943 2844 H
969 2812 1015 2854 (c,
1049 2796 1197 2859 reli—linit
1221 2817 1282 2855 lec).
1311 2814 1325 2856 ΙΙ
1356 2818 1395 2846 21
1423 2820 1664 2858 extenuatque

157 2862 199 2891 G:
235 2864 495 2906 extenuatique
528 2866 565 2896 ll
597 2866 698 2907 (Lle).
729 2865 744 2908 Η
773 2869 814 2899 27
846 2869 1114 2903 abundantibus
1144 2872 1184 2901 L:
1219 2871 1463 2903 abundantius
1490 2874 1554 2903 (ΙΙΙ
1587 2873 1663 2914 (ha-

156 2916 374 2950 bundantius
399 2919 455 2961 le).
484 2918 498 2964 ΙΙ
526 2922 569 2953 28
594 2932 655 2954 eos
681 2922 917 2964 conglobatos
936 2926 1045 2957 Maru:
1074 2926 1357 2966 exeonglobatos
1388 2928 1462 2960 (ill.
