1899 3322
61 1745 103 1774 2⁴5

541 212 602 242 DE
634 211 987 242 ARcmrEeTcRA
1019 212 1230 243 [11111111.
1560 200 1643 242 203

125 315 188 355 uti
227 314 363 355 Tarso
401 314 652 372 Magnesiae
692 313 789 354 aliis
829 314 1039 354 eiusmodi
1085 314 1351 369 regionibus.
1429 315 1644 370 etiamque

126 382 260 422 Zama
299 388 363 422 est
402 382 556 422 civitas
595 381 800 422 Afrorum
839 381 959 421 cuius
998 383 1167 422 moenia
1210 397 1289 422 rex
1334 381 1444 424 Iuba
1481 381 1643 438 duplici

126 463 245 490 muro
291 449 425 505 sepsit
471 448 618 505 ibique
663 449 826 504 regiam
864 447 1037 489 domum
1077 449 1161 490 sibi
1199 450 1437 491 constituit.
1503 450 1557 490 ab
1597 465 1645 490 ea

124 516 244 557 milia
288 531 491 573 passuum
529 517 687 571 viginti
727 523 791 557 est
829 515 1036 572 oppidum
1074 516 1240 569 Ismuc,
1283 518 1402 558 cuius
1442 532 1643 572 agrorum

123 585 321 639 regiones
343 583 591 625 incredibili
623 583 770 625 finitae
792 590 890 624 sunt
912 584 1227 625 terminatione.
1279 600 1375 625 cum
1398 593 1509 626 esset
1533 586 1645 626 enim
1672 597 1690 625 ,3

126 651 278 693 Africa
309 666 462 707 parens
495 658 535 692 et
573 652 723 692 nutrix
761 651 948 692 ferarum
987 651 1222 692 bestiarum
1255 653 1441 693 maxime
1471 668 1644 708 serpen—

125 720 254 772 tium,
287 720 332 760 in
364 720 454 759 cius
485 720 599 774 agris
633 719 782 776 oppidi
812 717 930 760 nulla
950 719 1143 759 nascitur
1174 726 1215 759 et
1247 720 1283 759 si
1315 720 1485 775 quando
1516 720 1646 762 allata

125 786 188 827 ibi
218 793 403 842 ponatur
433 787 578 827 statim
609 787 803 840 moritur,
835 801 974 842 neque
1006 786 1050 827 id
1081 786 1234 840 solum,
1268 786 1343 828 sed
1375 788 1504 828 etiam
1534 794 1647 828 terra

127 869 180 895 ex
211 853 279 894 his
312 853 418 895 locis
451 855 487 894 si
517 853 602 895 alio
630 853 839 895 translata
871 855 1020 906 fuerit,
1055 860 1096 895 et
1126 853 1204 895 ibi.
1264 854 1309 895 id
1339 869 1474 909 genus
1506 862 1646 895 terrac

128 922 257 962 etiam
289 920 544 962 Balearibus
568 921 727 963 dicitur
749 936 855 962 esse.
918 921 993 962 sed
1025 920 1153 962 aliam
1175 921 1486 963 mirabiliorem
1508 923 1642 962 virtu-
1675 935 1715 964 10

125 995 212 1030 tem
244 1003 293 1029 ea
323 988 453 1030 habet
483 996 618 1043 terra,
651 1004 777 1045 quam
801 1004 880 1045 ego
913 990 975 1030 sic
1005 990 1166 1045 accepi.
1219 989 1354 1030 Gaius
1386 988 1523 1031 Iulius
1555 989 1644 1030 Ma-

126 1057 309 1098 sinissae
340 1056 474 1110 filius,
504 1058 624 1098 cuius
648 1064 768 1098 erant
788 1058 919 1098 totius
943 1057 1092 1113 oppidi
1112 1072 1315 1112 agrorum
1335 1058 1646 1114 possessiones,

127 1139 222 1165 cum
254 1131 376 1180 patre
409 1124 583 1165 Caesari
621 1124 840 1166 militavit.
902 1125 937 1165 is
969 1124 1158 1180 hospitio
1189 1139 1283 1165 meo
1316 1131 1379 1166 est
1410 1140 1526 1166 usus.
1587 1125 1647 1165 ita

128 1192 344 1233 cotidiano
384 1193 587 1233 convictu
632 1207 807 1234 necesse
853 1191 992 1233 fuerat
1035 1192 1088 1232 de
1137 1192 1373 1248 philologia
1411 1192 1645 1249 disputare.

127 1261 298 1301 interim
330 1275 425 1301 cum
458 1267 569 1301 esset
608 1261 719 1301 inter
748 1275 825 1301 nos
858 1260 911 1300 de
941 1274 1077 1316 aquae
1115 1266 1326 1316 potestate
1359 1267 1400 1301 et
1439 1261 1528 1301 eius
1560 1261 1646 1300 vir·
1677 1272 1715 1301 15

126 1328 291 1369 tutibus
324 1343 485 1380 sermo,
519 1329 720 1384 exposuit
753 1342 845 1369 esse
876 1328 920 1367 in
952 1342 1000 1367 ea
1030 1334 1145 1368 terra
1177 1327 1389 1369 eiusmodi
1428 1327 1568 1369 fontes
1602 1335 1648 1368 ut

129 1396 202 1452 qui
230 1396 292 1437 ibi
323 1401 649 1451 procrearentur
670 1410 798 1437 voees
829 1394 885 1435 ad
912 1396 1171 1436 cantandum
1195 1396 1390 1450 egregias
1423 1395 1647 1448 haberent,

129 1463 313 1520 ideoque
353 1478 521 1519 semper
562 1464 871 1504 transmarinos
912 1462 1137 1504 catlastros
1180 1477 1318 1503 emere
1356 1462 1566 1504 formosos
1608 1470 1649 1504 et

127 1529 290 1588 puellas
329 1538 517 1572 maturas
557 1545 714 1587 eosque
752 1532 1033 1586 coniungere,
1080 1537 1127 1572 ut
1166 1532 1238 1586 qui
1278 1537 1556 1572 nascerentur
1594 1546 1648 1571 ex

127 1599 192 1639 his
223 1614 308 1640 non
339 1598 478 1640 solum
509 1613 613 1640 voce
646 1601 821 1654 egregia
851 1598 927 1640 sed
968 1600 1096 1640 etiam
1127 1598 1265 1640 forma
1297 1606 1439 1640 essent
1470 1615 1555 1640 non
1585 1600 1647 1639 in-
1674 1612 1716 1641 :20

128 1674 324 1708 venusta.

243 1734 352 1775 Cum
398 1734 503 1774 haec
551 1741 668 1775 tanta
707 1735 892 1775 varietas
933 1735 989 1775 sit
1034 1734 1283 1790 disparibus
1322 1734 1449 1775 rebus
1496 1740 1649 1775 natura

130 1800 380 1855 distributa,
415 1801 529 1857 quod
559 1801 793 1843 humanum
826 1817 977 1859 corpus
1010 1808 1075 1843 est
1107 1816 1161 1842 ex
1190 1801 1332 1858 aliqua
1364 1808 1485 1857 parte
1516 1808 1646 1842 terre-

128 1885 251 1922 num,
284 1870 329 1909 in
361 1884 409 1910 eo
440 1876 583 1911 autem
615 1869 747 1911 multa
769 1877 867 1911 sunt
899 1884 1059 1925 genera
1088 1885 1298 1923 umorum,
1330 1871 1390 1911 uti
1424 1870 1647 1925 sanguinis

131 1937 251 1978 lactis
283 1937 453 1979 sudoris
485 1938 633 1978 urinae
664 1937 956 1991 lacrimarum7
998 1952 1099 1992 ergo
1132 1939 1167 1978 si
1198 1938 1243 1978 in
1273 1952 1407 1993 parva
1439 1937 1648 1994 particula
1674 1951 1716 1980 2.·’1

129 2007 286 2060 terreni
320 2013 440 2047 tanta
464 2005 751 2061 discrepantia
784 2006 1004 2047 invenitur
1035 2020 1249 2062 saporum,
1280 2021 1366 2047 non
1396 2011 1461 2046 est
1491 2006 1647 2046 miran-

130 2072 231 2113 dum
264 2074 300 2114 si
333 2074 462 2114 etiam
500 2074 544 2113 in
576 2072 874 2128 magnitudine
907 2080 1046 2116 terrae
1079 2072 1414 2115 innumerabiles
1448 2088 1646 2115 sucorum

223 2292 233 2321 1
265 2290 318 2321 uti
343 2290 468 2322 tharso
497 2290 561 2321 ΕΙ]
587 2288 640 2329 (Ie,
667 2290 721 2321 uti
747 2292 846 2321 tarso
872 2290 934 2329 L):
963 2292 1002 2322 ut
1027 2291 1190 2323 intharso
1218 2291 1259 2322 E.
1284 2289 1298 2333 Η
1329 2291 1414 2322 aliis
1440 2290 1647 2322 eiusmodi:

129 2348 177 2378 si(-
206 2346 313 2379 hlrill.
346 2344 359 2388 Η
388 2347 407 2377 4
434 2356 604 2388 passuum
630 2347 701 2377 ed.:
738 2357 868 2387 passus
903 2346 1013 2378 EGJI.
1047 2344 1062 2389 Η
1094 2349 1113 2379 5
1139 2348 1307 2389 regiones
1342 2347 1514 2387 ll(l1l‹-):
1548 2348 1649 2378 —nis

132 2403 205 2435 Eli.
238 2400 252 2445 Η
285 2403 410 2434 linitae
436 2404 507 2434 ech:
549 2402 641 2434 finiti
674 2402 785 2433 mill.
819 2400 834 2443 Η
866 2403 883 2433 7
918 2402 1041 2444 oppidi
1072 2403 1174 2435 nulla
1206 2403 1267 2443 (sc.
1295 2414 1461 2445 serpens,
1488 2405 1532 2443 ef.
1562 2404 1648 2434 l'lz'u.

133 2462 187 2492 3⁵,
216 2458 295 2499 202)
325 2459 390 2489 (ill
417 2457 525 2498 (Llc):
554 2458 634 2500 apis
660 2459 754 2498 (fort.
779 2470 843 2499 μνο
870 2458 999 2499 aspis!)
1028 2459 1129 2490 nulla
1156 2459 1198 2493 E.
1227 2457 1242 2501 Η
1274 2462 1292 2491 0
1321 2460 1432 2491 suerit
1459 2463 1494 2491 et
1521 2460 1570 2491 ibi
1588 2483 1593 2489 .
1614 2460 1650 2490 id

132 2515 231 2545 Seleu.
252 2514 331 2555 (cv):
355 2515 466 2546 fuerit
487 2513 492 2555 Ι
514 2513 543 2546 &
560 2515 610 2545 ibi
630 2514 665 2546 id
684 2515 719 2545 ll
738 2513 770 2554 (6
782 2515 854 2546 siue
872 2513 1024 2557 interp.)‚
1044 2515 1156 2546 fuerit
1172 2541 1179 2549 .
1195 2516 1223 2547 Sc
1245 2517 1295 2547 ibi
1315 2516 1349 2547 id
1372 2516 1432 2547 mi
1449 2514 1556 2554 (Mle).
1574 2512 1588 2555 Η
1611 2517 1646 2545 ll

132 2570 384 2611 gaius.iulius
405 2595 411 2602 .
432 2571 647 2603 masinissae
674 2570 896 2610 (Masinthae
924 2571 1058 2603 (iuliani
1080 2582 1098 2602 e
1124 2572 1214 2604 Suet.
1243 2573 1339 2605 Caes.
1368 2572 1421 2610 71)
1451 2570 1549 2601 mill
1576 2570 1653 2610 (sed

130 2627 202 2658 sine
223 2628 358 2668 punctis
384 2625 472 2667 EG).
502 2624 516 2669 Η
547 2628 587 2659 13
611 2630 716 2669 patre
736 2627 816 2658 EGc
843 2626 969 2666 (L‘Jle):
997 2630 1120 2668 patres
1146 2629 1184 2659 Il
1207 2633 1239 2660 el
1265 2633 1341 2659 (mle
1366 2638 1455 2658 (Ὀιϊ.
1484 2628 1511 2657 (1'
1539 2626 1610 2667 (L).
1632 2627 1635 2631 ’

133 2682 285 2714 Caesari
310 2694 388 2723 esso:
417 2693 567 2715 caesare
596 2683 737 2723 (cesare
767 2684 807 2723 (i)
836 2683 949 2713 Elill.
982 2680 996 2724 Η
1030 2684 1070 2715 18
1089 2683 1300 2715 catlastros:
1327 2682 1505 2715 1ςιϊΕσΙΙ.
1531 2681 1545 2725 Η
1576 2683 1649 2714 sor—

133 2748 275 2770 monsos
303 2740 338 2771 ll
364 2738 409 2778 (L
435 2744 467 2770 et
492 2744 570 2771 mlle
594 2751 684 2771 corr.
710 2737 773 2778 l‹·):
804 2739 978 2770 formosos
1004 2739 1067 2770 Ea
1099 2738 1205 2779 (Ises).
1239 2737 1253 2780 Η
1286 2741 1327 2771 20
1359 2750 1447 2771 voce
1481 2739 1646 2780 egregia:

133 2795 181 2825 sic
200 2794 311 2826 EGH.
337 2793 414 2837 1124
440 2799 524 2827 sunt
541 2806 678 2837 genera
704 2804 838 2827 morum
866 2794 1006 2835 (umori—l
1028 2796 1080 2833 (lv,
1108 2796 1256 2827 humori]
1284 2795 1332 2825 J-Jc
1355 2806 1460 2836 supra
1485 2796 1539 2826 lin.
1568 2797 1648 2827 aclrl.

134 2861 154 2880 v
180 2855 210 2882 et
238 2851 319 2892 hu):
351 2861 488 2893 genera
519 2856 602 2883 sunt
634 2862 767 2883 morum
803 2851 837 2881 ΙΙ
863 2848 966 2892 (Llc).
999 2849 1014 2893 Η
1051 2853 1093 2882 ‘27
1125 2853 1155 2882 si
1181 2851 1291 2882 etiam
1324 2851 1443 2892 111690
1475 2851 1519 2890 (si
1546 2854 1650 2883 tanta

133 2906 170 2937 in
196 2907 267 2938 e‹l.:
295 2909 325 2938 si
352 2911 425 2938 tam
452 2907 503 2947 (ta
529 2910 569 2948 (i)
597 2908 631 2938 in
660 2907 771 2938 [still.
804 2905 818 2949 Η
852 2907 1134 2939 innumerabiles
1161 2907 1241 2937 Eli:
1268 2906 1357 2939 —lis
1385 2907 1419 2937 ll
1445 2908 1551 2947 (Δία).
