1899 3322
109 473 129 503 2

585 224 646 253 DE
679 223 1033 254 ARcfflTEcTURA
1065 224 1156 253 Llss.
1190 224 1250 253 iv.
1599 214 1675 253 101

154 344 282 387 super
324 330 613 385 inponuntur,
661 327 722 367 ita
766 326 830 366 uti
876 326 920 365 in
959 337 1012 366 ΙΙΙ
1050 324 1268 367 volumine
1313 326 1366 366 de
1414 326 1676 382 symmetriis

154 412 324 454 scripsl.

268 464 344 506 Sin
374 469 516 504 autem
547 463 788 519 peripteros
821 475 868 501 ea
900 460 1019 501 aedis
1052 462 1357 514 constituetur,
1398 461 1482 503 duo
1513 460 1675 516 gradus

153 539 195 574 et
226 531 443 589 stylobata
475 530 531 572 ab
561 531 646 572 imo
677 529 1013 579 constituantur,
1055 527 1211 568 deinde
1243 528 1374 569 cellae
1404 530 1546 584 paries
1578 543 1674 570 con-

152 600 319 643 locetur
338 614 433 640 eum
464 612 637 639 recessu
668 598 757 638 eius
788 611 811 636 a
844 594 1063 652 stylobata
1094 596 1203 636 circa
1237 602 1404 651 partem
1435 595 1676 637 latitudinis
1701 604 1721 634 5

153 670 369 725 quintam,
416 665 643 721 medioque
683 664 912 706 valvarum
950 662 1067 704 locus
1105 662 1161 703 ad
1206 663 1348 704 aditus
1393 662 1674 718 relinquatur,

153 751 288 792 eaque
333 734 440 776 cella
463 736 648 775 *tantam
692 732 849 773 habeat
893 730 1149 771 diametrum
1193 738 1364 785 praeter
1408 731 1594 786 parietes
1636 739 1677 772 et

152 803 494 845 circumitionem
532 807 735 857 quantam
773 798 1048 840 altitudinem
1087 797 1283 839 columna
1322 812 1451 852 supra
1489 797 1675 853 styloba-

151 879 251 917 tam.
312 869 534 913 columnae
572 869 733 909 circum
765 866 915 908 cellam
945 865 1083 907 isdem
1113 864 1463 921 proportionibus
1494 880 1675 921 symme-

150 940 334 995 triisque
372 937 670 993 disponantur.
737 936 783 976 in
819 933 961 975 medio
999 933 1101 974 tecti
1140 932 1251 973 ratio
1282 932 1342 973 ita
1372 931 1583 973 habeatur
1613 933 1676 973 uti
1703 939 1744 969 10

152 1012 311 1064 quanta
348 1005 583 1046 diametros
620 1004 753 1045 totius
793 1001 933 1058 operis
972 1002 1052 1041 erit
1089 1000 1235 1041 futura
1273 999 1454 1040 dimidia
1491 997 1675 1040 altitudo

150 1075 226 1116 fiat
255 1072 364 1116 tholi
390 1078 561 1129 praeter
591 1071 764 1124 florem,
796 1070 874 1111 flos
906 1076 1048 1109 autem
1080 1074 1244 1109 tantam
1276 1067 1431 1108 habeat
1462 1067 1673 1121 magnitu-

151 1142 297 1185 dinem
328 1146 532 1197 quantam
553 1139 752 1180 habuerit
773 1138 818 1178 in
840 1136 1036 1178 columna
1060 1134 1314 1191 capitulum,
1348 1140 1519 1190 praeter
1547 1148 1673 1190 pyra-

150 1210 325 1252 midem.
385 1207 552 1264 reliqua
588 1207 652 1248 uti
694 1220 823 1262 supra
860 1205 1022 1260 scripta
1061 1209 1182 1254 sunt,
1223 1203 1284 1243 eis
1324 1200 1673 1257 proportionibus

150 1285 279 1334 atque
310 1275 572 1332 symmetriis
604 1273 803 1314 facienda
833 1271 1050 1312 videntur.
1702 1275 1741 1305 15

262 1345 374 1386 Item
403 1342 634 1399 generibus
665 1341 761 1382 aliis
793 1340 1113 1382 constituuntur
1141 1338 1270 1378 aedes
1304 1352 1359 1378 ex
1387 1336 1528 1378 isdem
1560 1351 1672 1391 sym-

150 1413 331 1454 metriis
356 1410 578 1453 ordinatae
619 1417 660 1450 et
698 1408 781 1450 alio
811 1422 969 1463 genere
999 1406 1305 1461 dispositiones
1337 1404 1566 1457 habentes,
1611 1404 1675 1444 uti

152 1488 216 1522 est
248 1480 439 1522 Castoris
471 1479 516 1519 in
547 1478 672 1518 Circo
704 1475 941 1527 Flaminio,
976 1480 1017 1514 et
1047 1474 1159 1514 inter
1191 1472 1297 1514 duos
1329 1471 1446 1514 lucos
1476 1471 1673 1522 Veiovis,

151 1550 253 1590 item
298 1548 496 1602 argutius
534 1545 710 1586 Nemori
750 1543 919 1584 Dianae
962 1540 1171 1582 columnis
1209 1539 1390 1580 adiectis
1430 1539 1586 1579 dextra
1624 1552 1672 1577 ac

151 1616 328 1657 sinistra
363 1613 419 1656 ad
450 1628 624 1655 -umeros
663 1612 828 1668 pronai.
894 1609 975 1650 hoc
1005 1616 1146 1649 autem
1177 1622 1334 1662 genere
1365 1608 1503 1662 primo
1534 1606 1673 1646 factae
1700 1612 1742 1640 20

151 1690 251 1726 sunt
281 1683 345 1724 uti
377 1689 440 1723 est
472 1681 664 1723 Castoris
697 1680 741 1720 in
772 1678 918 1731 Circo,
957 1676 1142 1717 Athenis
1174 1676 1219 1715 in
1249 1689 1346 1715 arce
1379 1681 1419 1714 et
1450 1674 1494 1713 in
1526 1672 1675 1714 Attica

152 1752 284 1794 Sunio
315 1749 506 1791 Palladis
537 1748 777 1788 Minervae.
831 1759 975 1785 earum
1005 1759 1091 1784 non
1121 1742 1230 1783 aliae
1261 1742 1336 1782 sed
1368 1741 1544 1781 eaedem
1575 1749 1675 1780 sunt

150 1819 462 1875 proportiones.
537 1814 671 1856 cellae
715 1814 827 1854 enim
866 1810 1210 1866 longitudinibus
1250 1809 1443 1865 duplices
1481 1812 1578 1848 sunt
1616 1806 1673 1847 ad

152 1885 403 1929 latitudines
444 1885 507 1925 uti
545 1881 756 1938 reliquae,
795 1880 870 1920 sed
909 1880 944 1919 is
992 1878 1134 1919 onmia
1173 1891 1280 1933 quac
1319 1875 1457 1917 solent
1497 1889 1588 1915 esse
1628 1875 1671 1914 in

150 1953 385 2005 frontibus,
426 1951 482 1992 ad
522 1950 656 1992 latera
696 1955 795 1989 sunt
835 1945 1056 1988 translata.
1124 1943 1319 1986 nonnulli
1350 1943 1479 1984 etiam
1517 1941 1570 1981 de
1606 1949 1670 1981 tu-
1698 1947 1738 1976 '35

150 2022 332 2063 scanieis
363 2018 594 2075 generibus
626 2022 842 2058 sumentes
874 2013 1167 2055 columnarum
1198 2011 1503 2068 dispositiones
1533 2017 1671 2051 trans-

151 2090 294 2130 ferunt
332 2087 377 2127 in
422 2085 730 2128 corinthiorum
776 2090 816 2124 et
857 2082 1091 2124 ionicorum
1141 2094 1317 2136 operum
1362 2077 1669 2127 ordinationes,

244 2285 259 2314 1
288 2282 396 2313 tertio
423 2280 492 2321 (ΙΙΙ
518 2279 592 2322 esso)
620 2279 673 2312 ed.
700 2278 767 2309 FL:
796 2280 924 2319 quarto
953 2276 1029 2309 GH.
1051 2272 1066 2317 ll
1097 2277 1116 2307 3
1143 2274 1259 2306 aedis:
1295 2272 1403 2303 aedes
1432 2270 1508 2302 GH.
1536 2271 1591 2312 116
1617 2280 1667 2301 re-

151 2341 337 2382 linquatur
362 2334 528 2378 (—a¹[1t111·
555 2334 632 2377 G0):
660 2333 913 2375 relinquantur
940 2332 1007 2364 GH
1031 2329 1135 2372 (Llc).
1166 2328 1180 2372 ΙΙ
1214 2332 1231 2361 7
1260 2332 1401 2360 tantam
1428 2328 1499 2358 ed.:
1529 2330 1668 2357 tantum

154 2397 230 2430 GH.
253 2380 310 2438 11‘9
334 2392 629 2436 proportionibus
647 2391 725 2424 add.
746 2391 798 2421 ed.
827 2387 874 2429 (Ιι2
892 2389 980 2420 inter
996 2389 1064 2424 lin„
1089 2397 1172 2423 ree„
1198 2387 1283 2417 sicut
1308 2386 1399 2424 infra
1425 2385 1468 2414 14
1485 2386 1517 2413 et
1533 2393 1570 2423 p.
1590 2383 1668 2421 102,

152 2452 199 2493 6).
247 2450 388 2483 hisdem
419 2447 639 2492 symmetriis
671 2456 741 2487 que
779 2445 861 2487 (que
889 2444 964 2484 GL)
992 2443 1085 2485 disp.
1119 2443 1186 2474 GH
1218 2442 1321 2481 (Llc).
1359 2440 1373 2482 *gl
1410 2441 1448 2470 12
1481 2441 1602 2468 autem
1636 2437 1670 2467 H

154 2507 264 2548 (Lle):
298 2507 392 2538 enim
428 2506 465 2538 G.
498 2503 513 2548 Η
548 2504 683 2536 habeat
713 2502 832 2534 lecc:
869 2500 982 2532 habet
1014 2497 1131 2539 (—b&
1157 2498 1207 2540 H)
1241 2496 1390 2536 Gll(l1).
1423 2493 1438 2537 Η
1477 2496 1516 2525 13
1547 2494 1583 2524 in
1610 2503 1668 2523 eo-

153 2564 276 2597 lumna
299 2564 382 2596 Lor.
409 2560 527 2604 (rec.):
554 2561 591 2592 in
619 2560 808 2592 columnae
828 2556 932 2597 (—-nq
954 2552 960 2598 Ι
984 2555 1024 2597 G)
1054 2554 1121 2587 GH
1149 2552 1266 2596 [-—nis
1295 2552 1342 2593 [Ἴ.
1376 2550 1390 2593 Η
1425 2552 1464 2582 14
1500 2550 1552 2581 eis
1579 2549 1669 2580 Pon-

153 2633 239 2664 ted.:
267 2641 312 2663 ea
339 2630 416 2663 GH.
447 2627 462 2668 ΙΙ
496 2630 536 2660 15
568 2621 737 2669 famendi}
767 2626 821 2657 GC.
852 2621 867 2665 Η
901 2624 941 2655 18
967 2622 1136 2654 flamineo
1167 2625 1244 2653 ante
1276 2631 1344 2652 ras.
1374 2619 1400 2649 G
1426 2618 1478 2657 (l).
1517 2614 1531 2658 [l
1568 2615 1667 2646 luco-

154 2686 336 2731 sueliovis
361 2687 388 2719 G
414 2684 598 2737 (lucovgue
626 2682 697 2725 Gc),
725 2678 991 2720 lueosueliovis
1017 2679 1053 2710 H
1071 2676 1231 2717 (lucosve
1259 2676 1349 2707 iovis
1371 2674 1458 2714 Llc).
1491 2671 1506 2714 Π
1540 2672 1579 2702 19
1605 2680 1667 2702 ue-

155 2755 260 2788 mori:
286 2755 334 2787 sic
361 2754 438 2785 GH.
470 2750 485 2795 Η
516 2754 559 2783 20
591 2750 714 2782 factae
748 2751 831 2780 sunt
863 2747 963 2778 Lora:
998 2746 1101 2778 facta
1127 2747 1182 2777 est
1207 2743 1239 2783 (ἐ
1266 2743 1306 2781 G)
1342 2742 1417 2772 GH.
1450 2737 1464 2781 ll
1496 2740 1538 2770 22
1563 2737 1667 2770 sunio

159 2811 241 2844 GH:
269 2810 372 2843 Sunii
397 2810 449 2841 ecl.
482 2805 496 2850 Η
530 2806 679 2839 eaedem
706 2805 799 2846 (G⁶):
833 2802 959 2835 eadem
993 2802 1059 2834 GH
1092 2801 1196 2842 (Lle).
1226 2797 1240 2840 ll
1268 2799 1310 2829 24
1336 2794 1550 2827 latitudines
1573 2794 1665 2825 doen:

157 2865 374 2899 altitudines
402 2865 478 2898 GH.
510 2861 524 2906 Η
556 2862 729 2904 reliquae,
755 2860 817 2892 sed
843 2860 872 2891 is
898 2858 1016 2890 omnia
1044 2855 1202 2899 (reliqua
1229 2865 1273 2885 ex
1298 2854 1366 2892 his,
1392 2850 1511 2883 omnia
1541 2849 1667 2881 Turne-

158 2921 427 2963 bus.reliquae‚
454 2923 492 2952 et
516 2920 572 2952 his
598 2918 719 2950 omnia
745 2915 870 2955 Maro:
897 2914 1038 2956 reliqua
1064 2914 1214 2945 cxisona
1241 2910 1318 2940 GH.
