1899 3322
126 657 146 687 10

591 209 651 237 DE
683 208 1034 238 ARCHITECTURA
1070 209 1159 238 LIB.
1192 209 1271 238 vn.
1610 200 1682 239 181

172 310 285 367 pilae
314 308 511 350 manibus
542 308 755 350 versando
787 308 1032 350 efficiuntur
1070 316 1111 350 et
1150 311 1208 351 ita
1239 309 1510 365 conligantur
1540 317 1586 351 ut
1624 312 1686 351 in-

172 383 383 419 arescant.
443 376 588 417 aridae
619 382 932 432 componuntur
971 376 1014 416 in
1046 392 1170 419 urceo
1210 377 1351 430 fictili,
1383 378 1497 419 urcei
1528 379 1572 419 in
1603 378 1686 419 for-

172 460 290 486 nace.
358 443 485 485 simul
520 450 662 485 autem
699 457 771 483 aes
803 449 845 484 et
883 458 931 484 ca
970 443 1129 484 harena
1171 445 1225 485 ab
1263 445 1376 499 ignis
1415 445 1685 486 vehementia

172 510 535 554 confervescendo
567 510 823 563 coaluerint,
866 510 978 550 inter
1009 525 1053 551 se
1084 511 1226 552 dando
1259 518 1299 552 et
1335 512 1586 568 accipiendo
1617 527 1684 553 su-

172 581 298 622 dores
336 594 361 620 a
405 577 742 634 proprietatibus
788 576 1017 618 discedunt
1064 579 1239 633 suisque
1277 578 1404 619 rebus
1450 594 1526 635 per
1572 580 1686 634 ignis
1713 590 1732 619 5

172 647 490 688 vehementiam
523 645 733 686 confectis
757 644 949 686 caeruleo
971 643 1227 699 rediguntur
1248 645 1401 687 colore.
1452 653 1548 687 usta
1572 661 1686 700 vero,

172 728 280 769 quac
319 713 424 754 satis
463 711 593 753 habet
629 711 832 753 utilitatis
869 712 913 752 in
945 711 1148 768 operibus
1179 713 1391 765 tectoriis,
1434 713 1495 753 sic
1527 721 1686 770 tempe-

171 788 303 823 ratur.
353 779 509 835 glaeba
539 779 631 821 silis
663 779 766 821 boni
797 779 995 835 coquitur
1015 786 1062 820 ut
1094 780 1149 821 sit
1181 780 1225 820 in
1263 780 1354 834 igni
1386 780 1586 821 candens.
1638 796 1686 821 ca

169 855 313 890 autem
343 853 464 888 aceto
495 848 764 902 extinguitur
795 854 835 888 et
868 846 1054 887 efficitur
1084 861 1297 902 purpureo
1329 846 1483 888 colore.

282 916 351 957 De
397 929 569 956 cerussa
614 915 904 970 aerugineque
950 928 1077 970 quam
1115 914 1251 955 nostri
1295 929 1492 955 aerucam
1532 923 1684 956 vocant
1712 926 1781 957 XII

168 999 255 1025 non
286 990 350 1025 est
389 981 577 1032 alienum
614 981 972 1038 quemadmodum
1012 988 1281 1036 comparetur
1317 981 1473 1022 dicere.
1534 982 1685 1023 Rhodo
1713 994 1749 1022 11

170 1051 284 1092 enim
324 1049 450 1091 doliis
491 1056 707 1090 sarmenta
752 1048 1023 1091 conlocantes
1061 1054 1180 1089 aceto
1227 1049 1386 1090 suffuso
1431 1064 1559 1105 supra
1599 1064 1685 1090 sar—

168 1124 314 1160 menta
352 1116 575 1158 conlocant
613 1116 846 1173 plumbeas.
876 1130 1060 1169 massas,
1101 1114 1257 1156 deinde
1288 1130 1337 1156 ea
1368 1116 1580 1171 operculis
1613 1117 1684 1158 ob-

168 1192 313 1227 turant
342 1200 397 1226 ne
427 1185 738 1240 spiramentum
769 1183 967 1225 obturata
999 1183 1210 1224 emittant.
1260 1190 1356 1238 post
1388 1190 1550 1225 certum
1581 1191 1684 1225 tem-

169 1269 248 1309 pus
269 1253 512 1309 aperientes
544 1252 769 1293 inveniunt
791 1265 813 1291 e
833 1251 987 1292 massis
1018 1250 1232 1306 plumbeis
1255 1264 1485 1291 cerussam.
1537 1251 1685 1292 eadem
1715 1264 1754 1294 15

168 1321 333 1362 ratione
364 1318 556 1360 lamellas
587 1333 734 1359 aereas
766 1318 1036 1359 conlocantes
1069 1317 1262 1358 efficiunt
1298 1319 1547 1372 aeruginem
1578 1333 1686 1374 quae

168 1402 323 1428 aeruca
343 1385 597 1443 appellatur.
637 1396 823 1427 'cerussa
844 1400 945 1426 vero
968 1400 1063 1426 cum
1085 1385 1129 1425 in
1159 1384 1331 1426 fornace
1353 1386 1563 1441 coquitur,
1595 1401 1685 1426 mu-

168 1462 257 1497 tato
289 1454 429 1497 colore
460 1453 515 1494 ad
545 1454 690 1508 ignem
720 1452 920 1494 incendio
953 1452 1139 1493 efficitur
1160 1451 1407 1493 sandaraca.
1468 1452 1513 1492 id
1543 1459 1686 1493 autem

166 1521 366 1564 incendio
397 1520 512 1562 facto
534 1535 589 1561 ex
611 1535 711 1561 casu
733 1519 978 1561 didicerunt
1007 1519 1215 1571 homines,
1248 1526 1289 1560 et
1317 1534 1366 1559 ea
1386 1517 1519 1560 multo
1542 1519 1685 1561 melio-

168 1605 256 1631 rem
278 1604 403 1631 usum
424 1595 613 1644 praestat
636 1602 763 1644 quam
785 1602 893 1643 quae
915 1586 968 1627 de
989 1585 1175 1627 metallis
1196 1601 1274 1641 per
1304 1601 1348 1626 se
1379 1592 1479 1626 nata
1508 1586 1684 1628 foditur.
1711 1601 1753 1630 20

280 1656 493 1712 Incipiam
523 1670 635 1696 nunc
679 1655 734 1695 de
764 1661 879 1695 ostro
917 1653 1081 1705 dicere,
1122 1653 1236 1708 quod
1269 1659 1309 1693 et
1348 1654 1613 1694 carissimam
1644 1661 1681 1694 et

169 1723 576 1765 excellentissimam
606 1722 736 1763 habet
767 1727 937 1777 praeter
966 1720 1042 1762 hos
1075 1720 1234 1762 colores
1264 1726 1463 1775 aspectus
1496 1721 1681 1761 suavita-
1708 1733 1797 1765 XIII

168 1799 267 1833 tem.
329 1789 373 1831 id
404 1796 547 1830 autem
579 1789 794 1845 excipitur
825 1803 846 1828 e
868 1787 1094 1844 conchylio
1116 1788 1304 1840 marino,
1338 1802 1359 1827 e
1381 1802 1463 1842 quo
1495 1802 1685 1842 purpura

169 1858 411 1910 conficitur,
458 1856 578 1897 cuius
616 1871 703 1898 non
740 1856 925 1896 minores
964 1861 1063 1896 sunt
1103 1868 1229 1910 quam
1268 1860 1505 1895 ceterarum
1542 1869 1682 1895 rerum

262 2019 278 2049 l
306 2020 344 2049 ut
367 2017 579 2049 inarescant
604 2015 729 2048 aridae
758 2015 818 2048 θοι
857 2016 911 2047 uti
943 2024 1050 2046 nares
1084 2013 1300 2045 cantaridae
1332 2013 1439 2045 EGH
1460 2013 1514 2054 (L,
1543 2015 1595 2045 uti
1620 2025 1681 2046 na-

168 2107 226 2130 res
251 2095 440 2137 candende
466 2095 515 2135 ch,
542 2097 583 2126 ut
601 2069 907 2135 inarescanden‘ie
925 2092 962 2134 l).
987 2091 1001 2135 ΙΙ
1024 2094 1043 2124 2
1068 2094 1187 2124 urcei:
1213 2093 1261 2123 sic
1278 2091 1390 2123 EGH.
1420 2089 1434 2133 Η
1463 2092 1497 2123 ἰη
1518 2093 1680 2125 fornace.

169 2152 276 2185 simul
303 2155 425 2183 autem
449 2162 526 2191 eqo:
566 2151 754 2182 infornace
781 2150 829 2181 sit
855 2153 918 2182 aut
944 2149 1006 2180 EG
1033 2147 1113 2189 (hc),
1146 2148 1336 2180 infornace
1364 2147 1461 2191 [——ce
1485 2147 1515 2189 e]
1549 2149 1619 2179 sita
1646 2153 1683 2179 ut

169 2210 206 2240 H
232 2208 297 2249 (cli,
324 2207 632 2238 infornaeesitaut
656 2208 675 2243 I,
702 2207 914 2238 infornaces
940 2206 992 2236 ita
1017 2208 1056 2236 ut
1080 2205 1138 2245 L).
1171 2202 1185 2246 ΙΙ
1217 2206 1237 2235 4
1263 2203 1468 2235 coaluerint
1492 2215 1568 2244 ego:
1603 2215 1682 2235 cum

171 2266 351 2307 cssluerint
379 2272 415 2313 (a
439 2284 545 2314 supra
577 2283 642 2305 scr.
673 2283 727 2313 pr.
760 2273 815 2312 m.)
848 2272 896 2308 E,
929 2282 1008 2304 cum
1040 2272 1249 2303 coaruerint
1282 2271 1348 2303 GH
1378 2270 1451 2311 (LI.
1486 2281 1563 2302 cum
1597 2281 1683 2310 quo-

171 2331 332 2363 arueriut
355 2329 422 2370 elz).
455 2326 470 2371 ΙΙ
502 2330 521 2361 5
546 2329 653 2361 rebus
679 2327 738 2368 (ef.
763 2339 797 2368 p.
826 2330 900 2365 177,
928 2330 949 2360 3
975 2327 1072 2368 etc.):
1099 2329 1147 2359 sz'c
1172 2327 1276 2358 EGII
1299 2324 1396 2368 (fort.
1421 2326 1588 2365 viribus).
1617 2325 1630 2367 Η
1663 2328 1682 2357 6

170 2386 349 2419 confectis
380 2385 491 2417 Rode:
532 2384 690 2416 confecti
715 2384 836 2416 EGH.
869 2381 882 2425 ΙΙ
915 2384 935 2415 8
959 2382 1038 2414 silis
1063 2384 1138 2416 Joc.
1165 2382 1282 2423 (rec.):
1320 2382 1402 2414 silix
1428 2382 1466 2412 H
1495 2380 1602 2421 (hle),
1634 2382 1681 2412 si-

170 2442 299 2484 lixsscis
324 2446 400 2473 ante
425 2452 516 2474 corr.
536 2441 575 2481 G,
600 2439 715 2472 silicis
740 2440 772 2471 E
799 2439 887 2482 (GC).
921 2437 936 2481 Η
967 2439 1051 2481 igne
1076 2439 1120 2472 E.
1151 2436 1166 2481 Η
1200 2440 1238 2470 11
1264 2437 1392 2470 rhodo:
1421 2439 1469 2469 sic
1494 2437 1599 2468 EGII
1622 2436 1683 2477 (cs,

169 2510 203 2540 p.
231 2499 307 2535 182,
334 2498 380 2536 9).
410 2496 425 2540 Π
458 2498 497 2528 12
524 2497 618 2528 enim
644 2495 759 2527 doleis
796 2496 907 2527 EGH.
941 2492 956 2536 Η
987 2498 1171 2527 sarmenta
1197 2494 1432 2526 conlocantes
1465 2518 1471 2524 .
1494 2517 1527 2525 ..
1564 2493 1683 2524 conlo-

172 2558 272 2586 cant:
311 2554 359 2584 sic
385 2553 496 2584 EGH.
531 2551 546 2595 Η
579 2554 618 2585 13
644 2552 772 2584 deinde
800 2562 842 2582 ca
868 2550 1050 2592 operculis
1077 2550 1271 2593 (operculis
1298 2561 1341 2582 ea
1367 2549 1431 2588 E):
1456 2549 1504 2580 sie
1530 2548 1642 2581 EGH.
1676 2546 1679 2590 Ι

175 2612 211 2641 14
237 2610 410 2641 obturata
436 2610 606 2640 emittant
629 2609 701 2640 ed.:
728 2609 934 2640 obturatum
953 2607 1139 2638 emittatur
1162 2606 1276 2639 EGH.
1307 2604 1321 2647 Η
1354 2609 1493 2646 tempus
1519 2614 1578 2635 om.
1605 2606 1645 2635 le.
1664 2604 1678 2645 2}

172 2668 212 2698 15
238 2666 448 2707 aparientes
477 2666 503 2697 G
529 2664 607 2704 (non
632 2664 690 2705 E).
724 2665 738 2706 Η
770 2663 925 2706 plumbis
953 2663 980 2694 G
1006 2661 1085 2703 (non
1111 2662 1168 2703 E).
1200 2660 1215 2704 ΙΙ
1249 2663 1288 2693 16
1315 2670 1464 2693 eacreas
1489 2664 1566 2691 ante
1591 2671 1681 2694 νοντ’.

174 2722 200 2754 G
227 2722 307 2762 (non
334 2721 390 2762 E).
415 2719 430 2763 ΙΙ
454 2722 494 2753 18
521 2720 690 2752 incendio
709 2720 827 2752 Sa!m.:
855 2718 999 2751 incendi
1027 2719 1064 2749 ll
1078 2718 1153 2759 (L),
1180 2717 1340 2749 incendii
1363 2717 1422 2747 EG
1447 2716 1516 2755 (le).
1541 2713 1555 2757 ΙΙ
1578 2726 1680 2747 scan-

172 2777 309 2809 daraca
330 2777 357 2809 G
376 2776 454 2818 (non
471 2776 530 2818 E).
565 2774 580 2819 Η
610 2777 652 2808 22
678 2776 758 2808 hos:
787 2787 824 2807 os
852 2776 898 2808 ΙΙ.
932 2773 945 2816 ΙΙ
977 2776 1019 2806 ‘23
1046 2774 1257 2815 cconeliylio
1285 2774 1319 2803 ΙΙ
1344 2772 1454 2812 (Llc),
1482 2771 1681 2803 cconchilio

175 2834 211 2868 G,
230 2833 259 2864 31
281 2832 461 2864 conchilio
482 2833 522 2864 E.
551 2831 565 2875 Η
593 2833 634 2863 24
653 2831 841 2864 conficitur
865 2830 1181 2871 (cfficit11rMm·.):
1209 2829 1367 2860 inficitur
1392 2828 1503 2859 EGH.
1528 2826 1542 2869 Η
1565 2838 1680 2860 rerum

172 2889 250 2922 add.
275 2889 350 2922 Joc.
375 2887 466 2930 (post
491 2891 692 2921 ceterarum
717 2889 831 2919 eolloc.
860 2886 981 2927 Mara).
