1909 3322
188 944 228 975 10

181 1620 224 1650 20

260 220 342 261 276
914 229 1123 258 VITRUVII

260 330 415 371 crassis
447 341 499 371 Fs
531 328 630 370 latis
664 341 700 371 S.
761 329 924 370 distent
960 335 1103 371 autem
1134 330 1448 372 transversaria
1479 330 1592 371 inter
1623 344 1668 371 se
1700 331 1780 371 cir-

259 398 366 438 citer
396 395 507 453 pede
539 403 580 437 et
604 408 624 438 S
658 403 1040 457 suppopanturque
1070 399 1115 438 in
1146 396 1328 452 singulis
1360 397 1602 438 intervallis
1635 412 1779 439 eorum

256 463 524 517 arbusculae,
558 478 667 519 quae
696 479 851 519 graece
884 465 1159 519 αμαξοποδες
1190 465 1405 517 dicuntur,
1438 465 1483 504 in
1505 464 1660 519 quibus
1683 479 1779 505 ver—

257 536 405 571 santur
445 537 636 572 rotarum
672 546 776 572 axes
817 532 1008 573 conclusi
1044 531 1198 572 lamnis
1237 531 1403 572 ferreis.
1465 545 1623 587 eaeque
1653 531 1779 572 arbu-

257 597 400 638 sculae
437 599 497 639 ita
535 599 621 639 sint
661 605 921 656 temperatae
951 606 999 640 ut
1028 598 1216 639 habeant
1248 598 1446 639 cardines
1480 604 1521 639 et
1551 598 1777 652 foramina,

256 680 338 721 quo
386 672 532 707 vectes
570 665 740 707 traiecti
779 667 1045 708 versationes
1085 681 1229 706 earum
1282 666 1537 721 expediant,
1578 667 1643 706 uti
1680 672 1780 707 ante

256 739 297 773 et
328 739 425 789 post
457 739 498 774 et
528 732 583 773 ad
616 733 819 775 dextrum
858 748 933 774 scu
966 734 1188 774 sinistrum
1209 732 1354 785 latus,
1395 733 1487 773 sive
1518 731 1692 788 oblique
1722 733 1777 773 ad

253 799 433 854 angulos
466 815 572 855 opus
604 800 756 854 fuerit,
795 801 851 841 ad
882 801 928 841 id
959 816 1036 857 per
1065 799 1315 841 arbusculas
1347 806 1541 841 versatas
1573 800 1777 856 progredi

253 867 404 922 possit.
449 866 724 908 conlocentur
754 874 896 909 autem
928 868 1104 924 insuper
1135 868 1271 909 basim
1301 868 1423 922 tigna
1445 867 1528 908 duo
1550 868 1594 907 in
1615 873 1774 908 utram-

255 949 335 990 que
373 941 538 989 partem
578 936 768 990 proiecta
805 935 936 991 pedes
969 949 1116 989 senos,
1157 950 1336 991 quorum
1369 937 1482 975 circa
1512 936 1775 990 proiecturas

252 1002 440 1057 figantur
483 1001 618 1042 altera
662 1003 853 1058 proiecta
898 1002 983 1043 duo
1028 1003 1149 1057 tigna
1188 1009 1287 1043 ante
1328 1002 1489 1043 frontes
1529 1001 1661 1058 pedes
1693 1014 1773 1055 VII,

253 1084 397 1110 crassa
435 1075 476 1109 et
516 1069 603 1110 lata
640 1071 704 1110 uti
736 1071 780 1110 in
810 1070 905 1110 basi
937 1076 1036 1111 sunt
1073 1071 1245 1125 scripta.
1306 1071 1483 1126 insuper
1520 1069 1631 1110 hanc
1661 1085 1773 1111 com—

251 1137 492 1192 pactionem
525 1138 746 1192 erigantur
784 1143 930 1193 postes
963 1137 1239 1193 compactiles
1271 1143 1441 1193 praeter
1473 1137 1669 1178 cardines
1701 1153 1773 1194 pe—

251 1204 353 1244 dum
375 1215 492 1257 VIIII,
526 1204 816 1245 crassitudine
838 1219 1163 1260 quoquoversus
1186 1203 1511 1260 palmipedales,
1545 1205 1774 1245 intervalla

251 1271 460 1312 habentes
492 1272 605 1313 inter
637 1286 681 1312 se
704 1272 991 1328 sesquipedis.
1043 1273 1081 1313 ei
1103 1271 1416 1313 concludantur
1437 1287 1620 1329 superne
1641 1273 1771 1313 inter—

252 1339 485 1380 cardinatis
524 1339 736 1380 trabibus.
799 1355 927 1396 supra
966 1341 1112 1382 trabes
1151 1339 1427 1381 conlocentur
1465 1339 1652 1395 capreoli
1681 1355 1770 1380 car-

251 1406 425 1447 dinibus
458 1406 566 1447 alius
598 1407 643 1447 in
673 1406 804 1447 alium
837 1407 1051 1460 conclusi,
1091 1408 1136 1448 in
1167 1407 1397 1448 altitudine
1429 1409 1607 1448 excitati
1638 1408 1769 1464 pedes

250 1486 366 1514 VIIII.
428 1488 557 1530 supra
595 1474 814 1530 capreolos
864 1474 1110 1516 conlocetur
1156 1475 1411 1530 quadratum
1449 1475 1639 1529 tignum,
1687 1490 1769 1531 quo

249 1541 434 1598 capreoli
472 1542 800 1596 coniungantur.
859 1543 943 1599 ipsi
974 1549 1118 1584 autem
1148 1541 1362 1583 laterariis
1395 1543 1508 1583 circa
1538 1542 1638 1583 fixis
1670 1557 1767 1584 con-

248 1610 467 1650 tineantur
503 1615 790 1665 teganturque
828 1609 987 1651 tabulis
1026 1610 1215 1650 maxime
1252 1610 1459 1665 prininis,
1500 1610 1537 1650 si
1567 1625 1674 1663 non,
1715 1626 1769 1651 ex

249 1683 389 1717 cetera
419 1677 600 1717 materia
632 1691 738 1731 quae
770 1677 958 1717 maxime
988 1677 1146 1718 habere
1177 1683 1317 1732 potest
1347 1678 1566 1731 virtutem,
1599 1684 1769 1733 praeter

246 1745 395 1800 pinum
426 1750 498 1784 aut
528 1742 686 1784 alnum.
747 1744 853 1784 haec
884 1745 996 1784 enim
1029 1751 1127 1785 sunt
1166 1743 1340 1799 fragilia
1371 1751 1412 1785 et
1442 1744 1630 1785 faciliter
1660 1747 1765 1786 reci-

247 1813 371 1867 piunt
401 1812 559 1866 ignem.
613 1813 773 1852 circum
803 1811 995 1852 tabulata
1026 1810 1303 1853 conlocentur
1328 1818 1465 1853 crates
1489 1828 1542 1853 ex
1564 1813 1764 1854 tenuibus

247 1880 384 1934 virgis
432 1879 690 1919 creberrime
731 1885 897 1933 textae,
943 1880 1215 1935 maximeque
1254 1879 1500 1922 recentibus
1540 1880 1764 1937 percrudis

338 2062 355 2092 1
384 2060 769 2092 crassis.F.S.latis
797 2060 916 2101 (Latis
944 2061 1070 2103 H).s.:
1102 2064 1152 2093 sic·
1178 2062 1254 2095 GH.
1283 2060 1297 2105 Η
1327 2063 1437 2094 distet
1467 2068 1544 2095 ante
1567 2073 1656 2095 corr.
1685 2064 1721 2095 G.
1742 2061 1758 2104 Η

247 2118 266 2148 2
291 2116 505 2149 intervalles
531 2121 608 2148 ante
639 2128 729 2149 corr.
760 2118 797 2148 G.
831 2115 845 2159 ΙΙ
878 2120 897 2149 3
924 2111 1167 2159 ἁμαξόποὸες
1198 2119 1274 2152 «Ιοο.
1303 2117 1362 2159 (ex
1387 2118 1503 2159 ΑίΙῑ.);
1531 2119 1764 2162 anaxopodes

249 2173 315 2204 GH
345 2174 404 2213 (Ic,
430 2173 685 2224 anaxovpedes
711 2173 770 2213 L).
802 2171 816 2215 ΙΙ
848 2175 868 2204 4
894 2184 1000 2215 eaeq3
1024 2175 1063 2205 II
1086 2174 1141 2214 (L,
1170 2185 1284 2216 aeque
1303 2177 1321 2214 l,
1351 2185 1466 2218 aeque
1484 2175 1552 2218 elz),
1579 2187 1620 2218 ee
1640 2185 1709 2219 que
1736 2178 1762 2207 G

247 2239 303 2282 (ee
329 2250 397 2280 que
426 2238 495 2281 G0).
518 2236 534 2282 Η
557 2241 575 2271 7
604 2239 775 2272 adden-ra
799 2244 876 2271 ante
893 2251 983 2274 corr.
1006 2241 1044 2272 G.
1066 2238 1081 2283 Η
1103 2242 1122 2273 8
1147 2244 1315 2273 versatas
1333 2242 1444 2276 len:
1470 2243 1628 2274 versatis
1645 2243 1721 2277 GH.
1743 2242 1758 2284 ΙΙ

245 2298 265 2328 9
290 2296 404 2338 possit
430 2296 542 2327 Μαι-,ε
569 2297 710 2337 possint
738 2297 813 2329 GH.
845 2293 859 2338 Ι]
894 2298 934 2328 10
960 2307 1065 2329 senus
1091 2298 1133 2328 H
1154 2297 1201 2339 (et
1225 2303 1303 2330 ante
1322 2309 1412 2330 corr.
1441 2298 1497 2340 L).
1527 2295 1542 2341 Η
1576 2300 1615 2330 11
1643 2298 1761 2330 altera

246 2352 364 2384 altera
383 2351 460 2393 (his)
488 2352 538 2382 H.
562 2349 577 2394 Η
610 2353 650 2383 12
676 2353 756 2384 basi
785 2353 811 2383 G
838 2352 934 2393 (L⁶):
960 2354 1060 2385 bassi
1086 2354 1123 2384 H
1148 2353 1222 2395 (let
1238 2359 1315 2386 ante
1341 2365 1430 2387 corr.
1456 2355 1498 2392 L,
1524 2340 1755 2396 bassaclz).11

245 2408 523 2450 conpactioneni
550 2408 617 2439 GH
642 2408 697 2448 (L,
727 2409 1037 2449 comparationem
1064 2410 1118 2449 Ic).
1138 2407 1153 2452 Ι]
1175 2412 1215 2441 13
1242 2411 1430 2451 erigantur
1445 2411 1539 2442 doc-z
1568 2410 1760 2452 exigantur

247 2465 323 2495 GH.
357 2462 371 2506 [l
404 2465 445 2494 14
470 2473 611 2504 quoquo
637 2474 763 2495 versus
791 2465 856 2496 Gll
883 2463 939 2505 (L,
967 2475 1075 2507 quoq3
1100 2476 1228 2497 versus
1253 2466 1310 2507 le),
1340 2463 1354 2508 Η
1382 2465 1647 2507 palmipedales
1665 2466 1758 2498 Joe.:

244 2520 365 2561 palmo
390 2519 542 2562 pedales
567 2520 604 2550 H
631 2518 734 2560 (Lle),
760 2520 880 2561 palmo
906 2521 1050 2562 pedalis
1078 2522 1114 2553 G.
1148 2519 1162 2563 Ι]
1195 2523 1235 2553 15
1261 2522 1490 2563 sesquipedis
1516 2523 1588 2554 ed.:
1614 2532 1671 2554 ses
1697 2522 1758 2562 qui

244 2576 352 2617 pedes
379 2577 406 2607 G
426 2574 498 2615 (L),
518 2574 777 2616 seslquipedes
797 2577 832 2607 H
849 2577 923 2615 (scs
942 2576 1111 2618 quipedes
1129 2575 1183 2617 lc).
1208 2574 1222 2618 Ι]
1247 2577 1279 2608 ei
1304 2588 1364 2618 eqo
1391 2576 1450 2618 (ef.
1473 2589 1509 2619 p.
1536 2580 1612 2616 278,
1632 2578 1684 2618 6):
1713 2589 1756 2610 ea

246 2632 321 2665 GH.
341 2630 355 2673 Η
372 2631 670 2663 intercardinatis
688 2633 725 2662 H
738 2631 895 2673 (GCLlc):
915 2634 1009 2664 inter
1027 2633 1206 2664 ordinatis
1223 2633 1249 2662 G
1267 2632 1343 2673 (sed
1357 2644 1461 2674 supra
1479 2643 1518 2665 or
1538 2634 1582 2665 Gc
1596 2633 1613 2663 f
1631 2633 1720 2674 car).
1738 2634 1751 2675 Η

246 2689 285 2718 17
304 2687 398 2718 alius
425 2698 471 2719 an
498 2687 606 2718 alium
633 2687 670 2718 H
695 2686 805 2725 (alius
831 2688 991 2720 analium
1017 2690 1046 2720 lc
1071 2693 1104 2720 el
1128 2692 1205 2720 ante
1230 2699 1320 2720 corr.
1346 2690 1392 2723 L,
1419 2689 1533 2720 inalisl
1559 2689 1634 2730 L⁶)‚
1661 2690 1755 2721 alius

245 2743 371 2774 analisl
399 2744 436 2776 G.
470 2741 484 2786 Π
516 2744 552 2774 in
579 2742 771 2775 altitudine
798 2744 950 2775 excitati
976 2744 1064 2785 (Llc,
1091 2747 1127 2775 et
1153 2744 1258 2776 citati
1286 2744 1326 2784 G)
1352 2745 1374 2786 s)
1401 2745 1529 2776 .V1111.
1559 2745 1634 2778 GH.
1666 2744 1681 2787 Η
1713 2747 1762 2787 18,

244 2808 314 2839 qua
339 2804 416 2830 ante
447 2809 536 2833 corr.
571 2800 607 2831 G.
640 2797 655 2841 [l
681 2800 723 2830 20
748 2799 898 2839 prininis
931 2810 989 2841 ego
1015 2804 1047 2831 ec
1075 2800 1377 2842 flIz'leer-Slrz‘ibc'ny
1409 2800 1466 2841 (cf,
1493 2802 1534 2832 de
1565 2802 1639 2832 ilice
1663 2803 1750 2833 Ptin.

244 2856 300 2889 16,
328 2853 425 2896 229):
454 2855 577 2895 primis
604 2853 765 2896 (prilmis
790 2855 840 2895 H)
870 2856 945 2886 GH.
966 2853 981 2897 Π
1006 2858 1048 2888 23
1074 2859 1197 2898 grates
1222 2856 1288 2888 GH
1313 2856 1373 2898 (L,
1400 2860 1520 2889 crates
1547 2857 1650 2899 G‘ch).
1673 2856 1688 2900 Η
1710 2859 1752 2890 24

241 2910 364 2942 textae
391 2910 489 2942 Seleu.
516 2910 634 2952 (rec.):
661 2913 763 2942 texta
791 2911 867 2942 GH.
902 2908 917 2953 H
947 2912 1170 2944 rectentibus
1198 2912 1234 2944 G.

1802 881 1821 910 [Ο
