1899 3322
108 2110 128 2140 10

580 231 642 264 DE
674 231 1029 264 ARCHITECTURA
1062 234 1153 263 LlB.
1187 232 1234 263 Π.
1612 219 1665 260 33

140 339 255 379 intra
292 337 462 378 moenia
498 350 695 377 arearum
737 335 1050 388 divisionibus,
1096 336 1432 390 insequaturque
1470 331 1574 374 ordo
1614 332 1667 372 de

142 405 323 446 aedibus
358 404 490 445 sacris
524 409 564 444 et
594 401 781 460 publicis
814 402 1025 443 aedificiis
1057 403 1246 457 itemque
1284 401 1469 458 privatis
1509 400 1665 455 quibus

141 471 495 530 proportionibus
535 476 576 512 et
615 470 879 526 symmetriis
921 468 1108 509 debeant
1147 483 1240 510 esse
1278 469 1341 510 uti
1381 467 1666 524 explicentur,

135 555 227 597 ¹non
268 540 420 596 putavi
456 538 804 594 anteponendum
840 538 926 578 nisi
966 537 1083 592 prius
1116 536 1169 576 de
1208 537 1410 577 materiae
1448 536 1582 592 copiis
1595 567 1606 588 ,
1648 550 1669 575 e

143 609 300 665 quibus
348 606 526 649 conlatis
575 605 774 646 aedificia
821 605 1050 646 structuris
1100 610 1141 644 et
1181 604 1389 644 materiae
1426 603 1668 644 rationibus

142 676 437 733 perficiuntur,
461 689 566 730 quas
588 674 775 715 habeant
796 674 841 714 in
861 687 942 714 usu
964 672 1148 712 virtutes
1172 673 1469 727 exposuissem
1492 671 1668 727 quibus-

144 757 227 799 que
247 757 391 783 rerum
412 749 593 783 naturae
615 741 841 797 principiis
866 745 1008 781 essent
1030 745 1293 795 temperatae
1316 738 1541 779 dixissem.
1592 737 1670 779 sed

143 817 374 866 antequam
414 809 631 851 naturales
669 823 738 850 res
770 808 975 863 incipiam
1008 805 1248 863 explicare,
1291 805 1344 846 de
1374 806 1669 847 aedificiorum

143 878 383 920 rationibus
414 877 529 918 unde
559 878 685 918 initia
715 876 910 932 ceperint
941 881 982 915 et
1011 876 1076 915 uti
1107 874 1323 915 creverint
1354 888 1499 915 eorum
1521 874 1670 914 inven-

144 947 283 988 tiones
322 952 602 1001 anteponam,
646 951 688 985 et
724 944 929 999 insequar
966 945 1187 997 ingressus
1226 942 1498 997 antiquitatis
1530 956 1671 981 rerum

144 1020 323 1055 naturae
355 1020 396 1054 et
427 1028 573 1054 eorum
613 1013 686 1067 qui
717 1012 842 1052 initia
880 1011 1161 1052 humanitatis
1201 1017 1242 1050 et
1272 1010 1545 1050 inventiones
1578 1023 1671 1064 per-

147 1082 329 1137 quisitas
369 1081 627 1136 scriptorum
666 1079 908 1136 praeceptis
949 1078 1275 1119 dedicaverunt.
1342 1077 1489 1132 itaque
1528 1091 1671 1132 quem-

146 1149 377 1191 admodum
407 1148 462 1189 ab
493 1147 559 1188 his
593 1163 688 1188 sum
718 1148 943 1188 institutus
976 1160 1203 1202 exponam.

261 1215 472 1257 Homines
505 1216 643 1256 veteri
673 1229 791 1256 more
821 1221 868 1255 ut
899 1214 1015 1254 ferae
1052 1214 1097 1253 in
1137 1211 1260 1254 silvis
1301 1218 1342 1252 et
1380 1211 1598 1268 speluncis
1631 1217 1672 1252 ct

148 1285 396 1325 nemoribus
434 1284 724 1324 nascebantur
762 1282 945 1337 ciboque
983 1281 1146 1336 agresti
1185 1279 1400 1321 vescendo
1432 1280 1565 1320 vitam
1600 1294 1674 1319 ex-

148 1352 340 1407 igebant.
400 1353 565 1392 interea
596 1350 782 1406 quodam
812 1350 857 1390 in
888 1349 980 1391 loco
1011 1348 1066 1389 ab
1097 1347 1427 1404 tempestatibus
1460 1354 1502 1388 et
1532 1347 1674 1387 ventis

150 1419 310 1460 densae
359 1418 666 1459 crebritatibus
712 1417 887 1459 arbores
934 1418 1123 1471 agitatae
1170 1422 1210 1456 et
1250 1415 1364 1456 inter
1402 1430 1447 1455 se
1485 1421 1674 1455 terentes

148 1501 287 1528 ramos
326 1487 471 1541 ignem
510 1486 833 1537 excitaverunt,
874 1491 915 1525 et
947 1499 994 1525 eo
1026 1484 1199 1524 flamma
1228 1482 1475 1523 vehementi
1514 1488 1674 1538 perter-

148 1555 221 1596 riti
264 1555 338 1610 qui
377 1554 490 1594 circa
528 1568 625 1593 eum
662 1552 803 1595 locum
839 1552 1014 1604 fuerunt
1052 1558 1151 1592 sunt
1189 1551 1343 1606 fugati.
1403 1557 1501 1606 post
1533 1565 1582 1590 ea
1612 1564 1675 1589 re-

150 1623 294 1678 quieta
314 1622 492 1677 propius
513 1620 767 1662 accedentes
790 1635 886 1662 cum
903 1619 1313 1660 animadvertissent
1330 1618 1676 1659 commoditatem

151 1704 245 1731 esse
275 1704 476 1744 magnam
516 1689 766 1745 corporibus
805 1688 860 1728 ad
900 1688 1012 1742 ignis
1050 1694 1256 1742 teporem,
1290 1686 1408 1741 ligna
1438 1686 1676 1726 adicientes

152 1764 194 1798 et
231 1758 292 1798 ita
331 1763 637 1798 conservantes
683 1755 789 1796 alios
835 1755 1110 1797 adducebant
1152 1761 1193 1795 et
1239 1760 1346 1794 nutu
1386 1759 1676 1794 monstrantes

152 1823 440 1866 ostendebant
471 1838 575 1879 quas
608 1823 817 1864 habere-nt
849 1837 904 1863 ex
936 1837 983 1863 eo
1014 1821 1240 1863 utilitates.
1300 1822 1343 1861 in
1376 1835 1424 1861 co
1456 1819 1677 1860 hominum

152 1906 387 1947 congressu
418 1906 515 1932 culn
546 1890 920 1946 profundebantur
949 1889 1075 1930 aliter
1109 1890 1264 1945 spiritu
1286 1902 1428 1939 voces,
1461 1887 1679 1928 cotidiana-

153 1958 464 2001 consuetudine
503 1957 714 1999 vocabula
759 1964 806 1998 ut
843 1957 1090 2012 obtigerant
1137 1957 1473 2007 constituerunt,
1521 1954 1678 1995 deinde

153 2026 439 2082 significando
478 2040 545 2067 res
585 2027 758 2082 saepius
796 2026 842 2065 in
871 2040 953 2065 usu
985 2039 1039 2065 ex
1071 2031 1229 2065 eventu
1260 2023 1343 2064 fari
1374 2023 1552 2063 fortuito
1584 2036 1675 2063 coe—

153 2101 308 2152 perunt
346 2100 387 2135 et
425 2095 486 2135 ita
525 2108 741 2135 sermones
788 2094 901 2133 inter
946 2107 990 2133 se
1030 2098 1381 2148 procreaverunt.
1442 2105 1544 2145 ergo
1583 2105 1677 2130 cum

155 2169 329 2219 propter
358 2162 473 2217 ignis
505 2161 799 2202 inventionem
839 2167 1074 2201 conventus
1113 2160 1238 2200 initio
1267 2157 1382 2215 apud
1413 2158 1606 2199 homines
1639 2163 1681 2196 et

249 2314 264 2343 1
292 2312 509 2351 insequatur
534 2310 621 2342 ordo
650 2310 715 2342 GH
748 2311 802 2350 (Ie,
828 2310 912 2341 hinc
939 2311 1115 2350 sequatur
1147 2309 1233 2341 ordo
1260 2308 1318 2346 L).
1350 2305 1365 2349 Η
1398 2317 1465 2348 que
1497 2307 1576 2337 add.
1603 2306 1677 2338 doe.

159 2367 237 2408 (cet.
263 2368 308 2408 cf.
333 2379 362 2399 c.
390 2370 408 2398 7
432 2366 505 2407 im).
539 2364 553 2409 Η
586 2369 605 2398 3
630 2366 900 2407 utuxplicentur
925 2371 1002 2397 ante
1034 2376 1124 2397 corr.
1155 2365 1192 2397 G.
1226 2362 1241 2405 Η
1280 2366 1297 2395 7
1325 2367 1476 2395 naturae
1511 2360 1609 2403 <-¹'‘2
1637 2362 1678 2399 (i)

160 2425 226 2455 GH
244 2423 300 2464 (L,
328 2422 535 2465 naturale).
569 2420 583 2465 Η
615 2425 820 2463 temperate
841 2422 936 2464 (-t‹}
958 2422 1014 2462 GC)
1044 2424 1086 2453 G:
1115 2425 1198 2452 —ta
1224 2421 1260 2451 H
1287 2418 1391 2460 (Lle').
1422 2417 1436 2460 Η
1469 2420 1488 2449 9
1515 2418 1681 2458 ceperint

161 2480 199 2519 G,
228 2480 415 2521 coeperint
439 2480 476 2510 Il
500 2478 619 2520 (acm,
647 2480 770 2519 cepint
795 2490 822 2515 e,
850 2482 973 2519 cqpmt
990 2476 1037 2519 lt).
1067 2475 1081 2521 Η
1116 2479 1153 2508 11
1182 2476 1420 2508 humanitatis
1448 2476 1490 2505 G:
1520 2476 1618 2504 —tes
1646 2473 1681 2503 ll

159 2536 265 2576 (Llc).
297 2533 311 2577 Η
347 2537 386 2566 14
411 2539 535 2567 vetere
564 2535 641 2566 GH.
674 2532 688 2577 Η
723 2536 763 2566 15
790 2534 964 2575 eigebant
991 2535 1033 2571 (ι’,
1062 2533 1238 2564 exiebant
1263 2538 1340 2564 mele
1365 2542 1454 2563 corr.
1485 2531 1529 2567 ll,
1559 2529 1679 2569 exige-

158 2592 247 2623 bant
272 2592 326 2622 lle
351 2591 419 2631 (LI,
448 2591 672 2633 exhigebant
697 2601 725 2628 e,
753 2591 974 2622 exhibebant
999 2590 1045 2631 le).
1077 2589 1091 2631 Η
1126 2591 1165 2621 16
1191 2590 1344 2630 quodam
1369 2590 1412 2617 (i.-
1441 2586 1619 2627 quondam
1646 2586 1681 2615 Il

159 2646 247 2687 (Lle,
274 2647 454 2688 quondam
480 2655 525 2690 qe.
553 2647 706 2689 quodam
732 2647 813 2678 loco
839 2648 858 2677 Ιι
884 2658 944 2679 om.
971 2646 1035 2686 in).
1067 2643 1082 2688 Η
1115 2645 1160 2676 ab
1188 2646 1223 2676 ll
1251 2644 1311 2683 (ad
1336 2647 1355 2679 l,
1384 2654 1404 2674 a
1432 2642 1537 2681 Lele):
1564 2653 1584 2672 a
1606 2640 1677 2682 (1214

162 2707 202 2737 18
228 2715 269 2736 eo
298 2705 341 2735 G:
378 2714 437 2736 eos
462 2705 498 2734 Ji
525 2702 630 2743 (Llc).
671 2701 686 2745 Η
725 2705 765 2734 19
791 2702 950 2743 requi&a
978 2703 1014 2733 ΙΙ
1037 2703 1102 2741 (Ic,
1129 2701 1166 2732 re
1193 2701 1316 2742 quieta
1345 2701 1389 2735 L,
1417 2700 1462 2739 ef.
1492 2698 1544 2734 Il,
1571 2700 1590 2728 9
1618 2699 1677 2737 sin.

166 2761 276 2797 VIII,
302 2760 356 2800 5):
383 2761 508 2800 requie
531 2758 618 2790 data
646 2759 683 2791 (ι’.
717 2756 732 2801 Η
764 2760 806 2790 20
833 2759 999 2800 proprius
1028 2759 1073 2792 H,
1113 2754 1128 2800 Η
1167 2760 1206 2788 ‘21
1235 2758 1394 2797 tcmpors·
1425 2759 1502 2785 (mle
1528 2764 1615 2785 corr.
1644 2754 1681 2784 H

163 2816 298 2858 (tGpore
323 2816 360 2856 l).
393 2813 408 2857 Η
440 2817 481 2847 22
516 2817 568 2847 ita
595 2816 696 2848 Lor.:
731 2815 765 2845 ‘nl
795 2815 869 2845 Gll.
909 2811 924 2856 Η
962 2815 1003 2845 24
1035 2814 1166 2855 sp11·itu
1199 2823 1274 2854 ego:
1313 2811 1464 2852 espiritu
1495 2810 1600 2850 (espsi
1637 2810 1678 2847 (ι’)

164 2872 239 2906 Gll.
273 2871 288 2914 Η
319 2873 361 2903 25
387 2872 595 2913 obtigerant
620 2873 686 2902 vult
713 2871 757 2901 Ge
784 2870 880 2911 (epte
905 2873 1108 2911 *gffgerant
1134 2870 1161 2899 (ι’
1186 2879 1254 2899 cum
1280 2866 1382 2906 ras.):
1411 2867 1628 2907 optegerent
1649 2866 1681 2896 ll

166 2926 398 2969 (obtegerent
423 2927 512 2967 Lle).

210 2993 360 3015 vm'nnv.
389 2994 433 3014 DE
461 2993 611 3016 Ancum.
1387 2976 1412 3016 3

1699 952 1739 982 10

1703 1291 1742 1320 15

1703 1627 1745 1656 20
